|j|☆Cringos
|j|☆Hachowey
|t:|1683837933
|gametype|singles
|player|p1|Cringos|cynthia-gen4|1185
|player|p2|Hachowey|266|1242
|teamsize|p1|6
|teamsize|p2|6
|gen|8
|tier|[Gen 8] Random Battle
|rated|
|rule|Species Clause: Limit one of each Pokémon
|rule|HP Percentage Mod: HP is shown in percentages
|rule|Sleep Clause Mod: Limit one foe put to sleep
|
|t:|1683837933
|start
|switch|p1a: Crawdaunt|Crawdaunt, L84, M|243/243
|switch|p2a: Torkoal|Torkoal, L86, M|261/261
|-weather|SunnyDay|[from] ability: Drought|[of] p2a: Torkoal
|turn|1
|inactive|Battle timer is ON: inactive players will automatically lose when time's up. (requested by Hachowey)
|
|t:|1683837945
|move|p1a: Crawdaunt|Dragon Dance|p1a: Crawdaunt
|-boost|p1a: Crawdaunt|atk|1
|-boost|p1a: Crawdaunt|spe|1
|move|p2a: Torkoal|Solar Beam||[still]
|-prepare|p2a: Torkoal|Solar Beam
|-anim|p2a: Torkoal|Solar Beam|p1a: Crawdaunt
|-supereffective|p1a: Crawdaunt
|-damage|p1a: Crawdaunt|33/243
|
|-weather|SunnyDay|[upkeep]
|upkeep
|turn|2
|
|t:|1683837956
|move|p1a: Crawdaunt|Crabhammer|p2a: Torkoal
|-supereffective|p2a: Torkoal
|-damage|p2a: Torkoal|101/261
|move|p2a: Torkoal|Rapid Spin|p1a: Crawdaunt
|-crit|p1a: Crawdaunt
|-damage|p1a: Crawdaunt|0 fnt
|-boost|p2a: Torkoal|spe|1
|faint|p1a: Crawdaunt
|
|-weather|SunnyDay|[upkeep]
|upkeep
|
|t:|1683837971
|switch|p1a: Mienshao|Mienshao, L82, M|241/241
|turn|3
|
|t:|1683837979
|switch|p2a: Corsola|Corsola-Galar, L84, M|238/238
|move|p1a: Mienshao|Knock Off|p2a: Corsola
|-supereffective|p2a: Corsola
|-damage|p2a: Corsola|111/238
|-enditem|p2a: Corsola|Eviolite|[from] move: Knock Off|[of] p1a: Mienshao
|-damage|p1a: Mienshao|217/241|[from] item: Life Orb
|
|-weather|SunnyDay|[upkeep]
|upkeep
|turn|4
|
|t:|1683837988
|move|p1a: Mienshao|Swords Dance|p1a: Mienshao
|-boost|p1a: Mienshao|atk|2
|move|p2a: Corsola|Will-O-Wisp|p1a: Mienshao
|-status|p1a: Mienshao|brn
|
|-weather|SunnyDay|[upkeep]
|-damage|p1a: Mienshao|202/241 brn|[from] brn
|upkeep
|turn|5
|
|t:|1683837995
|move|p1a: Mienshao|Poison Jab|p2a: Corsola
|-resisted|p2a: Corsola
|-damage|p2a: Corsola|76/238
|-damage|p1a: Mienshao|178/241 brn|[from] item: Life Orb
|move|p2a: Corsola|Strength Sap|p1a: Mienshao
|-unboost|p1a: Mienshao|atk|1
|-heal|p2a: Corsola|238/238
|
|-weather|none
|-damage|p1a: Mienshao|163/241 brn|[from] brn
|upkeep
|turn|6
|
|t:|1683838009
|move|p1a: Mienshao|Swords Dance|p1a: Mienshao
|-boost|p1a: Mienshao|atk|2
|move|p2a: Corsola|Strength Sap|p1a: Mienshao
|-unboost|p1a: Mienshao|atk|1
|
|-damage|p1a: Mienshao|148/241 brn|[from] brn
|upkeep
|turn|7
|
|t:|1683838016
|move|p1a: Mienshao|Knock Off|p2a: Corsola
|-supereffective|p2a: Corsola
|-damage|p2a: Corsola|121/238
|-damage|p1a: Mienshao|124/241 brn|[from] item: Life Orb
|move|p2a: Corsola|Haze|p2a: Corsola
|-clearallboost
|
|-damage|p1a: Mienshao|109/241 brn|[from] brn
|upkeep
|turn|8
|
|t:|1683838026
|move|p1a: Mienshao|Knock Off|p2a: Corsola
|-supereffective|p2a: Corsola
|-damage|p2a: Corsola|59/238
|-damage|p1a: Mienshao|85/241 brn|[from] item: Life Orb
|move|p2a: Corsola|Strength Sap|p1a: Mienshao
|-unboost|p1a: Mienshao|atk|1
|-heal|p2a: Corsola|238/238
|
|-damage|p1a: Mienshao|70/241 brn|[from] brn
|upkeep
|turn|9
|
|t:|1683838039
|switch|p1a: Froslass|Froslass, L84, F|255/255
|move|p2a: Corsola|Strength Sap|p1a: Froslass
|-unboost|p1a: Froslass|atk|1
|
|upkeep
|turn|10
|
|t:|1683838051
|move|p1a: Froslass|Poltergeist||[still]
|-fail|p1a: Froslass
|move|p2a: Corsola|Will-O-Wisp|p1a: Froslass
|-status|p1a: Froslass|brn
|
|-damage|p1a: Froslass|240/255 brn|[from] brn
|upkeep
|turn|11
|
|t:|1683838074
|switch|p2a: Blissey|Blissey, L83, F|559/559
|move|p1a: Froslass|Triple Axel|p2a: Blissey
|-damage|p2a: Blissey|542/559
|-damage|p2a: Blissey|507/559
|-damage|p2a: Blissey|450/559
|-hitcount|p2a: Blissey|3
|
|-heal|p2a: Blissey|484/559|[from] item: Leftovers
|-damage|p1a: Froslass|225/255 brn|[from] brn
|upkeep
|turn|12
|inactive|Cringos has 120 seconds left.
|
|t:|1683838095
|move|p1a: Froslass|Taunt|p2a: Blissey
|-start|p2a: Blissey|move: Taunt
|cant|p2a: Blissey|move: Taunt|Teleport
|
|-heal|p2a: Blissey|518/559|[from] item: Leftovers
|-damage|p1a: Froslass|210/255 brn|[from] brn
|upkeep
|turn|13
|
|t:|1683838106
|switch|p2a: Poliwrath|Poliwrath, L84, M|288/288
|move|p1a: Froslass|Poltergeist|p2a: Poliwrath
|-activate|p2a: Poliwrath|move: Poltergeist|Life Orb
|-damage|p2a: Poliwrath|254/288
|
|-damage|p1a: Froslass|195/255 brn|[from] brn
|upkeep
|turn|14
|inactive|Cringos has 120 seconds left.
|
|t:|1683838129
|switch|p1a: Sceptile|Sceptile, L86, M|261/261
|move|p2a: Poliwrath|Darkest Lariat|p1a: Sceptile
|-damage|p1a: Sceptile|173/261
|-damage|p2a: Poliwrath|226/288|[from] item: Life Orb
|
|-heal|p1a: Sceptile|189/261|[from] item: Leftovers
|upkeep
|turn|15
|inactive|Cringos has 120 seconds left.
|
|t:|1683838142
|switch|p2a: Duraludon|Duraludon, L84, F|255/255
|move|p1a: Sceptile|Giga Drain|p2a: Duraludon
|-resisted|p2a: Duraludon
|-damage|p2a: Duraludon|223/255
|-heal|p1a: Sceptile|205/261|[from] drain|[of] p2a: Duraludon
|
|-heal|p1a: Sceptile|221/261|[from] item: Leftovers
|upkeep
|turn|16
|inactive|Cringos has 120 seconds left.
|
|t:|1683838156
|move|p1a: Sceptile|Focus Blast|p2a: Duraludon
|-supereffective|p2a: Duraludon
|-damage|p2a: Duraludon|0 fnt
|faint|p2a: Duraludon
|
|-heal|p1a: Sceptile|237/261|[from] item: Leftovers
|upkeep
|
|t:|1683838162
|switch|p2a: Corsola|Corsola-Galar, L84, M|238/238
|turn|17
|
|t:|1683838166
|move|p1a: Sceptile|Leech Seed|p2a: Corsola
|-start|p2a: Corsola|move: Leech Seed
|move|p2a: Corsola|Will-O-Wisp|p1a: Sceptile
|-status|p1a: Sceptile|brn
|
|-heal|p1a: Sceptile|253/261 brn|[from] item: Leftovers
|-damage|p2a: Corsola|209/238|[from] Leech Seed|[of] p1a: Sceptile
|-heal|p1a: Sceptile|261/261 brn|[silent]
|-damage|p1a: Sceptile|245/261 brn|[from] brn
|upkeep
|turn|18
|
|t:|1683838171
|switch|p2a: Blissey|Blissey, L83, F|518/559
|move|p1a: Sceptile|Giga Drain|p2a: Blissey
|-damage|p2a: Blissey|457/559
|-heal|p1a: Sceptile|261/261 brn|[from] drain|[of] p2a: Blissey
|
|-heal|p2a: Blissey|491/559|[from] item: Leftovers
|-damage|p1a: Sceptile|245/261 brn|[from] brn
|upkeep
|turn|19
|
|t:|1683838181
|move|p1a: Sceptile|Leech Seed|p2a: Blissey
|-start|p2a: Blissey|move: Leech Seed
|move|p2a: Blissey|Teleport|p2a: Blissey
|
|t:|1683838183
|switch|p2a: Torkoal|Torkoal, L86, M|101/261|[from] Teleport
|-weather|SunnyDay|[from] ability: Drought|[of] p2a: Torkoal
|
|-weather|SunnyDay|[upkeep]
|-heal|p1a: Sceptile|261/261 brn|[from] item: Leftovers
|-damage|p1a: Sceptile|245/261 brn|[from] brn
|upkeep
|turn|20
|
|t:|1683838189
|switch|p2a: Milotic|Milotic, L82, F|290/290
|move|p1a: Sceptile|Giga Drain|p2a: Milotic
|-supereffective|p2a: Milotic
|-damage|p2a: Milotic|158/290
|-heal|p1a: Sceptile|261/261 brn|[from] drain|[of] p2a: Milotic
|
|-weather|SunnyDay|[upkeep]
|-heal|p2a: Milotic|176/290|[from] item: Leftovers
|-damage|p1a: Sceptile|245/261 brn|[from] brn
|upkeep
|turn|21
|
|t:|1683838196
|move|p1a: Sceptile|Focus Blast|p2a: Milotic|[miss]
|-miss|p1a: Sceptile|p2a: Milotic
|move|p2a: Milotic|Ice Beam|p1a: Sceptile
|-supereffective|p1a: Sceptile
|-damage|p1a: Sceptile|123/261 brn
|
|-weather|SunnyDay|[upkeep]
|-heal|p1a: Sceptile|139/261 brn|[from] item: Leftovers
|-heal|p2a: Milotic|194/290|[from] item: Leftovers
|-damage|p1a: Sceptile|123/261 brn|[from] brn
|upkeep
|turn|22
|
|t:|1683838205
|move|p1a: Sceptile|Giga Drain|p2a: Milotic
|-supereffective|p2a: Milotic
|-damage|p2a: Milotic|62/290
|-heal|p1a: Sceptile|189/261 brn|[from] drain|[of] p2a: Milotic
|move|p2a: Milotic|Recover|p2a: Milotic
|-heal|p2a: Milotic|207/290
|
|-weather|SunnyDay|[upkeep]
|-heal|p1a: Sceptile|205/261 brn|[from] item: Leftovers
|-heal|p2a: Milotic|225/290|[from] item: Leftovers
|-damage|p1a: Sceptile|189/261 brn|[from] brn
|upkeep
|turn|23
|
|t:|1683838209
|move|p1a: Sceptile|Giga Drain|p2a: Milotic
|-supereffective|p2a: Milotic
|-damage|p2a: Milotic|93/290
|-heal|p1a: Sceptile|255/261 brn|[from] drain|[of] p2a: Milotic
|move|p2a: Milotic|Ice Beam|p1a: Sceptile
|-supereffective|p1a: Sceptile
|-damage|p1a: Sceptile|137/261 brn
|
|-weather|none
|-heal|p1a: Sceptile|153/261 brn|[from] item: Leftovers
|-heal|p2a: Milotic|111/290|[from] item: Leftovers
|-damage|p1a: Sceptile|137/261 brn|[from] brn
|upkeep
|turn|24
|
|t:|1683838214
|switch|p2a: Blissey|Blissey, L83, F|491/559
|move|p1a: Sceptile|Giga Drain|p2a: Blissey
|-damage|p2a: Blissey|422/559
|-heal|p1a: Sceptile|172/261 brn|[from] drain|[of] p2a: Blissey
|
|-heal|p1a: Sceptile|188/261 brn|[from] item: Leftovers
|-heal|p2a: Blissey|456/559|[from] item: Leftovers
|-damage|p1a: Sceptile|172/261 brn|[from] brn
|upkeep
|turn|25
|
|t:|1683838222
|move|p1a: Sceptile|Focus Blast|p2a: Blissey
|-supereffective|p2a: Blissey
|-damage|p2a: Blissey|322/559
|move|p2a: Blissey|Teleport|p2a: Blissey
|
|t:|1683838229
|switch|p2a: Torkoal|Torkoal, L86, M|101/261|[from] Teleport
|-weather|SunnyDay|[from] ability: Drought|[of] p2a: Torkoal
|
|-weather|SunnyDay|[upkeep]
|-heal|p1a: Sceptile|188/261 brn|[from] item: Leftovers
|-damage|p1a: Sceptile|172/261 brn|[from] brn
|upkeep
|turn|26
|
|t:|1683838245
|move|p1a: Sceptile|Focus Blast|p2a: Torkoal
|-damage|p2a: Torkoal|0 fnt
|faint|p2a: Torkoal
|
|-weather|SunnyDay|[upkeep]
|-heal|p1a: Sceptile|188/261 brn|[from] item: Leftovers
|-damage|p1a: Sceptile|172/261 brn|[from] brn
|upkeep
|
|t:|1683838251
|switch|p2a: Corsola|Corsola-Galar, L84, M|209/238
|turn|27
|
|t:|1683838255
|move|p1a: Sceptile|Giga Drain|p2a: Corsola
|-damage|p2a: Corsola|125/238
|-heal|p1a: Sceptile|214/261 brn|[from] drain|[of] p2a: Corsola
|move|p2a: Corsola|Night Shade|p1a: Sceptile
|-damage|p1a: Sceptile|130/261 brn
|
|-weather|SunnyDay|[upkeep]
|-heal|p1a: Sceptile|146/261 brn|[from] item: Leftovers
|-damage|p1a: Sceptile|130/261 brn|[from] brn
|upkeep
|turn|28
|
|t:|1683838261
|switch|p2a: Blissey|Blissey, L83, F|322/559
|move|p1a: Sceptile|Giga Drain|p2a: Blissey
|-damage|p2a: Blissey|259/559
|-heal|p1a: Sceptile|162/261 brn|[from] drain|[of] p2a: Blissey
|
|-weather|SunnyDay|[upkeep]
|-heal|p1a: Sceptile|178/261 brn|[from] item: Leftovers
|-heal|p2a: Blissey|293/559|[from] item: Leftovers
|-damage|p1a: Sceptile|162/261 brn|[from] brn
|upkeep
|turn|29
|
|t:|1683838264
|move|p1a: Sceptile|Focus Blast|p2a: Blissey
|-supereffective|p2a: Blissey
|-damage|p2a: Blissey|167/559
|move|p2a: Blissey|Soft-Boiled|p2a: Blissey
|-heal|p2a: Blissey|447/559
|
|-weather|none
|-heal|p1a: Sceptile|178/261 brn|[from] item: Leftovers
|-heal|p2a: Blissey|481/559|[from] item: Leftovers
|-damage|p1a: Sceptile|162/261 brn|[from] brn
|upkeep
|turn|30
|
|t:|1683838273
|move|p1a: Sceptile|Focus Blast|p2a: Blissey|[miss]
|-miss|p1a: Sceptile|p2a: Blissey
|move|p2a: Blissey|Teleport|p2a: Blissey
|
|t:|1683838278
|switch|p2a: Poliwrath|Poliwrath, L84, M|226/288|[from] Teleport
|
|-heal|p1a: Sceptile|178/261 brn|[from] item: Leftovers
|-damage|p1a: Sceptile|162/261 brn|[from] brn
|upkeep
|turn|31
|
|t:|1683838284
|switch|p2a: Blissey|Blissey, L83, F|481/559
|move|p1a: Sceptile|Focus Blast|p2a: Blissey
|-supereffective|p2a: Blissey
|-damage|p2a: Blissey|333/559
|
|-heal|p1a: Sceptile|178/261 brn|[from] item: Leftovers
|-heal|p2a: Blissey|367/559|[from] item: Leftovers
|-damage|p1a: Sceptile|162/261 brn|[from] brn
|upkeep
|turn|32
|
|t:|1683838292
|move|p1a: Sceptile|Leech Seed|p2a: Blissey
|-start|p2a: Blissey|move: Leech Seed
|move|p2a: Blissey|Soft-Boiled|p2a: Blissey
|-heal|p2a: Blissey|559/559
|
|-heal|p1a: Sceptile|178/261 brn|[from] item: Leftovers
|-damage|p2a: Blissey|490/559|[from] Leech Seed|[of] p1a: Sceptile
|-heal|p1a: Sceptile|247/261 brn|[silent]
|-damage|p1a: Sceptile|231/261 brn|[from] brn
|upkeep
|turn|33
|
|t:|1683838300
|move|p1a: Sceptile|Focus Blast|p2a: Blissey
|-supereffective|p2a: Blissey
|-damage|p2a: Blissey|360/559
|move|p2a: Blissey|Teleport|p2a: Blissey
|
|t:|1683838305
|switch|p2a: Corsola|Corsola-Galar, L84, M|125/238|[from] Teleport
|
|-heal|p1a: Sceptile|247/261 brn|[from] item: Leftovers
|-damage|p1a: Sceptile|231/261 brn|[from] brn
|upkeep
|turn|34
|
|t:|1683838309
|move|p1a: Sceptile|Giga Drain|p2a: Corsola
|-damage|p2a: Corsola|50/238
|-heal|p1a: Sceptile|261/261 brn|[from] drain|[of] p2a: Corsola
|move|p2a: Corsola|Strength Sap|p1a: Sceptile
|-unboost|p1a: Sceptile|atk|1
|-heal|p2a: Corsola|201/238
|
|-damage|p1a: Sceptile|245/261 brn|[from] brn
|upkeep
|turn|35
|
|t:|1683838313
|switch|p2a: Blissey|Blissey, L83, F|360/559
|move|p1a: Sceptile|Giga Drain|p2a: Blissey
|-damage|p2a: Blissey|299/559
|-heal|p1a: Sceptile|261/261 brn|[from] drain|[of] p2a: Blissey
|
|-heal|p2a: Blissey|333/559|[from] item: Leftovers
|-damage|p1a: Sceptile|245/261 brn|[from] brn
|upkeep
|turn|36
|
|t:|1683838323
|move|p1a: Sceptile|Leech Seed|p2a: Blissey|[miss]
|-miss|p1a: Sceptile|p2a: Blissey
|move|p2a: Blissey|Teleport|p2a: Blissey
|
|t:|1683838327
|switch|p2a: Corsola|Corsola-Galar, L84, M|201/238|[from] Teleport
|
|-heal|p1a: Sceptile|261/261 brn|[from] item: Leftovers
|-damage|p1a: Sceptile|245/261 brn|[from] brn
|upkeep
|turn|37
|
|t:|1683838344
|switch|p1a: Charizard|Charizard, L82, F|262/262
|move|p2a: Corsola|Haze|p2a: Corsola
|-clearallboost
|
|upkeep
|turn|38
|
|t:|1683838358
|-start|p1a: Charizard|Dynamax|
|-heal|p1a: Charizard|524/524|[silent]
|move|p1a: Charizard|Max Airstream|p2a: Corsola
|-damage|p2a: Corsola|66/238
|-boost|p1a: Charizard|spe|1
|move|p2a: Corsola|Haze|p2a: Corsola
|-clearallboost
|
|upkeep
|turn|39
|
|t:|1683838369
|move|p1a: Charizard|Max Airstream|p2a: Corsola
|-damage|p2a: Corsola|0 fnt
|-boost|p1a: Charizard|spe|1
|faint|p2a: Corsola
|
|upkeep
|
|t:|1683838370
|switch|p2a: Blissey|Blissey, L83, F|333/559
|turn|40
|
|t:|1683838373
|move|p1a: Charizard|Max Knuckle|p2a: Blissey
|-supereffective|p2a: Blissey
|-damage|p2a: Blissey|233/559
|-boost|p1a: Charizard|atk|1
|move|p2a: Blissey|Toxic|p1a: Charizard
|-status|p1a: Charizard|tox
|
|-heal|p2a: Blissey|267/559|[from] item: Leftovers
|-damage|p1a: Charizard|508/524 tox|[from] psn
|upkeep
|-end|p1a: Charizard|Dynamax
|-heal|p1a: Charizard|254/262 tox|[silent]
|turn|41
|
|t:|1683838394
|move|p1a: Charizard|Focus Blast|p2a: Blissey
|-supereffective|p2a: Blissey
|-damage|p2a: Blissey|151/559
|move|p2a: Blissey|Soft-Boiled|p2a: Blissey
|-heal|p2a: Blissey|431/559
|
|-heal|p2a: Blissey|465/559|[from] item: Leftovers
|-damage|p1a: Charizard|222/262 tox|[from] psn
|upkeep
|turn|42
|
|t:|1683838403
|switch|p1a: Mienshao|Mienshao, L82, M|150/241 brn
|move|p2a: Blissey|Seismic Toss|p1a: Mienshao
|-damage|p1a: Mienshao|67/241 brn
|
|-heal|p2a: Blissey|499/559|[from] item: Leftovers
|-damage|p1a: Mienshao|52/241 brn|[from] brn
|upkeep
|turn|43
|
|t:|1683838414
|switch|p2a: Milotic|Milotic, L82, F|111/290
|move|p1a: Mienshao|Close Combat|p2a: Milotic
|-damage|p2a: Milotic|2/290
|-unboost|p1a: Mienshao|def|1
|-unboost|p1a: Mienshao|spd|1
|-damage|p1a: Mienshao|28/241 brn|[from] item: Life Orb
|
|-heal|p2a: Milotic|20/290|[from] item: Leftovers
|-damage|p1a: Mienshao|13/241 brn|[from] brn
|upkeep
|turn|44
|
|t:|1683838437
|move|p1a: Mienshao|Close Combat|p2a: Milotic
|-damage|p2a: Milotic|0 fnt
|-unboost|p1a: Mienshao|def|1
|-unboost|p1a: Mienshao|spd|1
|faint|p2a: Milotic
|-damage|p1a: Mienshao|0 fnt|[from] item: Life Orb
|faint|p1a: Mienshao
|
|upkeep
|
|t:|1683838446
|switch|p1a: Charizard|Charizard, L82, F|222/262 tox
|switch|p2a: Blissey|Blissey, L83, F|499/559
|turn|45
|
|t:|1683838458
|move|p1a: Charizard|Fire Blast|p2a: Blissey|[miss]
|-miss|p1a: Charizard|p2a: Blissey
|move|p2a: Blissey|Seismic Toss|p1a: Charizard
|-damage|p1a: Charizard|139/262 tox
|
|-heal|p2a: Blissey|533/559|[from] item: Leftovers
|-damage|p1a: Charizard|123/262 tox|[from] psn
|upkeep
|turn|46
|
|t:|1683838464
|move|p1a: Charizard|Fire Blast|p2a: Blissey
|-damage|p2a: Blissey|440/559
|move|p2a: Blissey|Seismic Toss|p1a: Charizard
|-damage|p1a: Charizard|40/262 tox
|
|-heal|p2a: Blissey|474/559|[from] item: Leftovers
|-damage|p1a: Charizard|8/262 tox|[from] psn
|upkeep
|turn|47
|
|t:|1683838471
|move|p1a: Charizard|Roost|p1a: Charizard
|-heal|p1a: Charizard|139/262 tox
|-singleturn|p1a: Charizard|move: Roost
|move|p2a: Blissey|Soft-Boiled|p2a: Blissey
|-heal|p2a: Blissey|559/559
|
|-damage|p1a: Charizard|91/262 tox|[from] psn
|upkeep
|turn|48
|
|t:|1683838480
|move|p1a: Charizard|Fire Blast|p2a: Blissey
|-damage|p2a: Blissey|475/559
|move|p2a: Blissey|Seismic Toss|p1a: Charizard
|-damage|p1a: Charizard|8/262 tox
|
|-heal|p2a: Blissey|509/559|[from] item: Leftovers
|-damage|p1a: Charizard|0 fnt|[from] psn
|faint|p1a: Charizard
|upkeep
|
|t:|1683838499
|switch|p1a: Froslass|Froslass, L84, F|195/255 brn
|turn|49
|inactive|Cringos has 120 seconds left.
|
|t:|1683838525
|switch|p2a: Poliwrath|Poliwrath, L84, M|226/288
|move|p1a: Froslass|Taunt|p2a: Poliwrath
|-start|p2a: Poliwrath|move: Taunt
|
|-damage|p1a: Froslass|180/255 brn|[from] brn
|upkeep
|turn|50
|inactive|Cringos has 120 seconds left.
|
|t:|1683838538
|switch|p1a: Sceptile|Sceptile, L86, M|245/261 brn
|-start|p2a: Poliwrath|Dynamax|
|-heal|p2a: Poliwrath|452/576|[silent]
|move|p2a: Poliwrath|Max Geyser|p1a: Sceptile
|-resisted|p1a: Sceptile
|-damage|p1a: Sceptile|144/261 brn
|-weather|RainDance
|-damage|p2a: Poliwrath|424/576|[from] item: Life Orb
|
|-weather|RainDance|[upkeep]
|-heal|p1a: Sceptile|160/261 brn|[from] item: Leftovers
|-damage|p1a: Sceptile|144/261 brn|[from] brn
|upkeep
|turn|51
|
|t:|1683838548
|move|p2a: Poliwrath|Max Knuckle|p1a: Sceptile
|-damage|p1a: Sceptile|0 fnt
|-boost|p2a: Poliwrath|atk|1
|faint|p1a: Sceptile
|-damage|p2a: Poliwrath|396/576|[from] item: Life Orb
|
|-weather|RainDance|[upkeep]
|-end|p2a: Poliwrath|move: Taunt
|upkeep
|inactive|Cringos has 120 seconds left.
|
|t:|1683838566
|switch|p1a: Heliolisk|Heliolisk, L82, F|236/236
|turn|52
|inactive|Cringos has 120 seconds left.
|
|t:|1683838598
|move|p2a: Poliwrath|Max Darkness|p1a: Heliolisk
|-damage|p1a: Heliolisk|0 fnt
|faint|p1a: Heliolisk
|-damage|p2a: Poliwrath|368/576|[from] item: Life Orb
|
|-weather|RainDance|[upkeep]
|upkeep
|
|t:|1683838604
|switch|p1a: Froslass|Froslass, L84, F|180/255 brn
|-end|p2a: Poliwrath|Dynamax
|-heal|p2a: Poliwrath|184/288|[silent]
|turn|53
|
|t:|1683838617
|move|p2a: Poliwrath|Darkest Lariat|p1a: Froslass
|-supereffective|p1a: Froslass
|-crit|p1a: Froslass
|-damage|p1a: Froslass|0 fnt
|faint|p1a: Froslass
|-damage|p2a: Poliwrath|156/288|[from] item: Life Orb
|
|win|Hachowey
|raw|Cringos's rating: 1185 &rarr; <strong>1164</strong><br />(-21 for losing)
|raw|Hachowey's rating: 1242 &rarr; <strong>1263</strong><br />(+21 for winning)
|c|☆Hachowey|Gg lmai
|l|☆Cringos
