{"id": "gen8randombattle-1874498936", "p1": "za", "p2": "Smiefelham", "format": "[Gen 8] Random Battle", "log": "|inactive|Battle timer is ON: inactive players will automatically lose when time's up.\n|j|\u2606za\n|j|\u2606Smiefelham\n|t:|1685502204\n|gametype|singles\n|player|p1|za|#rbtt6teamzarudef|\n|player|p2|Smiefelham|ethan|\n|teamsize|p1|6\n|teamsize|p2|6\n|gen|8\n|tier|[Gen 8] Random Battle\n|rated|Tournament battle\n|rule|Species Clause: Limit one of each Pok\u00e9mon\n|rule|HP Percentage Mod: HP is shown in percentages\n|rule|Sleep Clause Mod: Limit one foe put to sleep\n|rule|Blitz: Super-fast timer\n|\n|t:|1685502204\n|start\n|switch|p1a: Leafeon|Leafeon, L86, M|252/252\n|switch|p2a: Articuno|Articuno-Galar, L80|275/275\n|turn|1\n|c|\u2606za|gl\n|j| idapupfairies\n|c|\u2606za|hf\n|j| defsnotmyaltacc\n|c|\u2606Smiefelham|u2\n|inactive|za has 30 seconds left.\n|j|%Losconosciuto\n|\n|t:|1685502224\n|move|p1a: Leafeon|Swords Dance|p1a: Leafeon\n|-boost|p1a: Leafeon|atk|2\n|move|p2a: Articuno|Air Slash|p1a: Leafeon\n|-supereffective|p1a: Leafeon\n|-damage|p1a: Leafeon|22/252\n|\n|upkeep\n|turn|2\n|j| JJ09LIE\n|inactive|Smiefelham has 10 seconds left.\n|\n|t:|1685502229\n|move|p1a: Leafeon|Knock Off|p2a: Articuno\n|-supereffective|p2a: Articuno\n|-damage|p2a: Articuno|0 fnt\n|-enditem|p2a: Articuno|Heavy-Duty Boots|[from] move: Knock Off|[of] p1a: Leafeon\n|faint|p2a: Articuno\n|\n|upkeep\n|\n|t:|1685502233\n|switch|p2a: Ditto|Ditto, L76|198/198\n|-transform|p2a: Ditto|p1a: Leafeon|[from] ability: Imposter\n|turn|3\n|inactive|za has 10 seconds left.\n|\n|t:|1685502241\n|move|p2a: Ditto|Leaf Blade|p1a: Leafeon\n|-resisted|p1a: Leafeon\n|-damage|p1a: Leafeon|0 fnt\n|faint|p1a: Leafeon\n|\n|upkeep\n|inactive|za has 10 seconds left.\n|j| Maybebetterthanu\n|\n|t:|1685502247\n|switch|p1a: Accelgor|Accelgor, L86, M|278/278\n|turn|4\n|\n|t:|1685502251\n|switch|p2a: Doublade|Doublade, L82, M|231/231\n|move|p1a: Accelgor|Bug Buzz|p2a: Doublade\n|-resisted|p2a: Doublade\n|-damage|p2a: Doublade|207/231\n|\n|upkeep\n|turn|5\n|inactive|za has 10 seconds left.\n|\n|t:|1685502260\n|switch|p1a: Garchomp|Garchomp, L74, M|282/282\n|move|p2a: Doublade|Iron Head|p1a: Garchomp\n|-damage|p1a: Garchomp|179/282\n|-damage|p2a: Doublade|179/231|[from] ability: Rough Skin|[of] p1a: Garchomp\n|\n|upkeep\n|turn|6\n|\n|t:|1685502264\n|switch|p2a: Ditto|Ditto, L76|198/198\n|-transform|p2a: Ditto|p1a: Garchomp|[from] ability: Imposter\n|move|p1a: Garchomp|Earthquake|p2a: Ditto\n|-damage|p2a: Ditto|93/198\n|\n|upkeep\n|turn|7\n|l| defsnotmyaltacc\n|inactive|za has 10 seconds left.\n|inactive|Smiefelham has 10 seconds left.\n|\n|t:|1685502270\n|switch|p1a: Solgaleo|Solgaleo, L72|316/316\n|move|p2a: Ditto|Outrage|p1a: Solgaleo\n|-resisted|p1a: Solgaleo\n|-damage|p1a: Solgaleo|255/316\n|\n|upkeep\n|turn|8\n|inactive|za has 10 seconds left.\n|\n|t:|1685502275\n|move|p2a: Ditto|Outrage|p1a: Solgaleo|[from]lockedmove\n|-resisted|p1a: Solgaleo\n|-damage|p1a: Solgaleo|192/316\n|move|p1a: Solgaleo|Sunsteel Strike|p2a: Ditto\n|-damage|p2a: Ditto|0 fnt\n|-damage|p1a: Solgaleo|153/316|[from] ability: Rough Skin|[of] p2a: Ditto\n|faint|p2a: Ditto\n|\n|upkeep\n|inactive|Smiefelham has 10 seconds left.\n|\n|t:|1685502283\n|switch|p2a: Azumarill|Azumarill, L84, F|305/305\n|turn|9\n|inactive|za has 10 seconds left.\n|\n|t:|1685502288\n|move|p1a: Solgaleo|Sunsteel Strike|p2a: Azumarill\n|-damage|p2a: Azumarill|191/305\n|move|p2a: Azumarill|Liquidation|p1a: Solgaleo\n|-damage|p1a: Solgaleo|0 fnt\n|faint|p1a: Solgaleo\n|\n|upkeep\n|inactive|za has 10 seconds left.\n|\n|t:|1685502296\n|switch|p1a: Accelgor|Accelgor, L86, M|278/278\n|turn|10\n|\n|t:|1685502298\n|move|p1a: Accelgor|Energy Ball|p2a: Azumarill\n|-supereffective|p2a: Azumarill\n|-damage|p2a: Azumarill|55/305\n|move|p2a: Azumarill|Liquidation|p1a: Accelgor\n|-damage|p1a: Accelgor|0 fnt\n|faint|p1a: Accelgor\n|\n|upkeep\n|\n|t:|1685502302\n|switch|p1a: Garchomp|Garchomp, L74, M|179/282\n|turn|11\n|\n|t:|1685502304\n|move|p1a: Garchomp|Earthquake|p2a: Azumarill\n|-damage|p2a: Azumarill|0 fnt\n|faint|p2a: Azumarill\n|\n|upkeep\n|\n|t:|1685502308\n|switch|p2a: Cherrim|Cherrim, L93, F|281/281\n|turn|12\n|inactive|za has 10 seconds left.\n|\n|t:|1685502316\n|switch|p1a: Espeon|Espeon, L82, F|241/241\n|move|p2a: Cherrim|Energy Ball|p1a: Espeon\n|-damage|p1a: Espeon|141/241\n|\n|upkeep\n|turn|13\n|inactive|za has 10 seconds left.\n|\n|t:|1685502322\n|switch|p2a: Doublade|Doublade, L82, M|179/231\n|move|p1a: Espeon|Morning Sun|p1a: Espeon\n|-heal|p1a: Espeon|241/241\n|\n|upkeep\n|turn|14\n|inactive|za has 10 seconds left.\n|inactive|Smiefelham has 10 seconds left.\n|\n|t:|1685502331\n|move|p1a: Espeon|Shadow Ball|p2a: Doublade\n|-supereffective|p2a: Doublade\n|-crit|p2a: Doublade\n|-damage|p2a: Doublade|0 fnt\n|faint|p2a: Doublade\n|-damage|p1a: Espeon|217/241|[from] item: Life Orb\n|\n|upkeep\n|\n|t:|1685502334\n|switch|p2a: Kyurem|Kyurem-Black, L73|303/303\n|-ability|p2a: Kyurem|Teravolt\n|turn|15\n|inactive|za has 10 seconds left.\n|\n|t:|1685502341\n|-start|p1a: Espeon|Dynamax|\n|-heal|p1a: Espeon|434/482|[silent]\n|move|p1a: Espeon|Max Starfall|p2a: Kyurem\n|-supereffective|p2a: Kyurem\n|-damage|p2a: Kyurem|0 fnt\n|-fieldstart|move: Misty Terrain\n|faint|p2a: Kyurem\n|-damage|p1a: Espeon|410/482|[from] item: Life Orb\n|\n|upkeep\n|\n|t:|1685502345\n|switch|p2a: Cherrim|Cherrim, L93, F|281/281\n|turn|16\n|inactive|za has 10 seconds left.\n|\n|t:|1685502351\n|-start|p2a: Cherrim|Dynamax|\n|-heal|p2a: Cherrim|562/562|[silent]\n|move|p2a: Cherrim|Max Guard|p2a: Cherrim\n|-singleturn|p2a: Cherrim|Max Guard\n|move|p1a: Espeon|Max Mindstorm|p2a: Cherrim\n|-activate|p2a: Cherrim|move: Max Guard\n|\n|upkeep\n|turn|17\n|inactive|za has 10 seconds left.\n|\n|t:|1685502357\n|move|p1a: Espeon|Max Mindstorm|p2a: Cherrim\n|-damage|p2a: Cherrim|366/562\n|-fieldstart|move: Psychic Terrain\n|-damage|p1a: Espeon|386/482|[from] item: Life Orb\n|move|p2a: Cherrim|Max Flutterby|p1a: Espeon\n|-supereffective|p1a: Espeon\n|-damage|p1a: Espeon|198/482\n|-unboost|p1a: Espeon|spa|1\n|\n|upkeep\n|-end|p1a: Espeon|Dynamax\n|-heal|p1a: Espeon|99/241|[silent]\n|turn|18\n|inactive|za has 10 seconds left.\n|inactive|Smiefelham has 10 seconds left.\n|\n|t:|1685502362\n|move|p1a: Espeon|Psychic|p2a: Cherrim\n|-damage|p2a: Cherrim|237/562\n|-damage|p1a: Espeon|75/241|[from] item: Life Orb\n|move|p2a: Cherrim|Max Overgrowth|p1a: Espeon\n|-damage|p1a: Espeon|0 fnt\n|-fieldstart|move: Grassy Terrain\n|faint|p1a: Espeon\n|\n|-heal|p2a: Cherrim|254/562|[from] Grassy Terrain\n|upkeep\n|\n|t:|1685502366\n|switch|p1a: Garchomp|Garchomp, L74, M|179/282\n|-end|p2a: Cherrim|Dynamax\n|-heal|p2a: Cherrim|127/281|[silent]\n|turn|19\n|\n|t:|1685502369\n|move|p2a: Cherrim|Petal Dance|p1a: Garchomp\n|-damage|p1a: Garchomp|0 fnt\n|-damage|p2a: Cherrim|92/281|[from] ability: Rough Skin|[of] p1a: Garchomp\n|faint|p1a: Garchomp\n|\n|-heal|p2a: Cherrim|109/281|[from] Grassy Terrain\n|upkeep\n|inactive|za has 10 seconds left.\n|\n|t:|1685502375\n|switch|p1a: Octillery|Octillery, L86, F|269/269\n|turn|20\n|c|\u2606Smiefelham|gg\n|\n|t:|1685502379\n|move|p1a: Octillery|Protect|p1a: Octillery\n|-singleturn|p1a: Octillery|Protect\n|move|p2a: Cherrim|Petal Dance|p1a: Octillery|[from]lockedmove\n|-activate|p1a: Octillery|move: Protect\n|\n|-heal|p2a: Cherrim|126/281|[from] Grassy Terrain\n|-ability|p1a: Octillery|Moody|boost\n|-boost|p1a: Octillery|spa|2\n|-unboost|p1a: Octillery|spe|1\n|upkeep\n|turn|21\n|inactive|za has 10 seconds left.\n|\n|t:|1685502387\n|move|p1a: Octillery|Protect|p1a: Octillery\n|-singleturn|p1a: Octillery|Protect\n|move|p2a: Cherrim|Petal Dance|p1a: Octillery\n|-activate|p1a: Octillery|move: Protect\n|\n|-heal|p2a: Cherrim|143/281|[from] Grassy Terrain\n|-ability|p1a: Octillery|Moody|boost\n|-boost|p1a: Octillery|spd|2\n|-unboost|p1a: Octillery|spe|1\n|upkeep\n|turn|22\n|\n|t:|1685502392\n|move|p2a: Cherrim|Petal Dance|p1a: Octillery\n|-supereffective|p1a: Octillery\n|-damage|p1a: Octillery|57/269\n|move|p1a: Octillery|Ice Beam|p2a: Cherrim\n|-supereffective|p2a: Cherrim\n|-damage|p2a: Cherrim|0 fnt\n|faint|p2a: Cherrim\n|\n|win|za\n|n|\u2606za|za\n|n|\u2606Smiefelham|smiefelham\n|n| idapupfairies|idapupfairies\n|n| Losconosciuto|losconosciuto\n|n| JJ09LIE|jj09lie\n|n| Maybebetterthanu|maybebetterthanu\n", "inputlog": ">version d94486096666f9f03053a01e17a1c7fdbd408dfa\n>start {\"formatid\":\"gen8randombattle@@@blitz\",\"seed\":[51590,33200,46301,49766],\"rated\":\"Tournament battle\"}\n>player p1 {\"name\":\"za\",\"avatar\":\"#rbtt6teamzarudef\",\"rating\":0,\"seed\":[31604,31110,6411,285]}\n>player p2 {\"name\":\"Smiefelham\",\"avatar\":\"ethan\",\"rating\":0,\"seed\":[36005,12276,25970,43231]}\n>chat \u2606za|gl\n>chat \u2606za|hf\n>chat \u2606Smiefelham|u2\n>p1 move swordsdance\n>p2 move airslash\n>p1 move knockoff\n>p2 move freezingglare\n>p2 switch 3\n>p1 move knockoff\n>p2 move leafblade\n>p1 switch 4\n>p1 move bugbuzz\n>p2 switch 4\n>p1 switch 5\n>p2 move ironhead\n>p1 move earthquake\n>p2 switch 4\n>p1 switch 2\n>p2 move outrage\n>p1 move sunsteelstrike\n>p2 move outrage\n>p2 switch 5\n>p1 move sunsteelstrike\n>p2 move liquidation\n>p1 switch 5\n>p1 move energyball\n>p2 move liquidation\n>p1 switch 2\n>p1 move earthquake\n>p2 move liquidation\n>p2 switch 6\n>p1 switch 3\n>p2 move energyball\n>p1 move morningsun\n>p2 switch 4\n>p1 move shadowball\n>p2 move ironhead\n>p2 switch 2\n>p1 move dazzlinggleam dynamax\n>p2 move dragondance\n>p2 switch 4\n>p1 move psychic dynamax\n>p2 move healingwish dynamax\n>p1 move psychic dynamax\n>p2 move pollenpuff dynamax\n>p1 move psychic\n>p2 move energyball dynamax\n>p1 switch 3\n>p1 move outrage\n>p2 move petaldance\n>p1 switch 6\n>chat \u2606Smiefelham|gg\n>p1 move protect\n>p2 move petaldance\n>p1 move protect\n>p2 move petaldance\n>p1 move icebeam\n>p2 move petaldance", "uploadtime": 1685502394, "views": 9, "p1id": "za", "p2id": "smiefelham", "formatid": "gen8randombattle", "rating": 0, "private": 0, "password": ""}