|j|☆piaa
|j|☆woopre
|t:|1685155019
|gametype|singles
|player|p1|piaa|#rbtt6teamchienpaof|
|player|p2|woopre|cynthia-anime2|
|teamsize|p1|6
|teamsize|p2|6
|gen|8
|tier|[Gen 8] Random Battle
|rule|Species Clause: Limit one of each Pokémon
|rule|HP Percentage Mod: HP is shown in percentages
|rule|Sleep Clause Mod: Limit one foe put to sleep
|
|t:|1685155019
|start
|switch|p1a: Ditto|Ditto, L76|198/198
|switch|p2a: Aurorus|Aurorus, L84, M|344/344
|-transform|p1a: Ditto|p2a: Aurorus|[from] ability: Imposter
|-weather|Hail|[from] ability: Snow Warning|[of] p1a: Ditto
|turn|1
|
|t:|1685155091
|move|p1a: Ditto|Stealth Rock|p2a: Aurorus
|-sidestart|p2: woopre|move: Stealth Rock
|move|p2a: Aurorus|Stealth Rock|p1a: Ditto
|-sidestart|p1: piaa|move: Stealth Rock
|
|-weather|Hail|[upkeep]
|upkeep
|turn|2
|
|t:|1685155125
|switch|p1a: Mienshao|Mienshao, L82, F|241/241
|-damage|p1a: Mienshao|226/241|[from] Stealth Rock
|move|p2a: Aurorus|Blizzard|p1a: Mienshao
|-damage|p1a: Mienshao|57/241
|
|-weather|Hail|[upkeep]
|-damage|p1a: Mienshao|42/241|[from] Hail
|upkeep
|turn|3
|
|t:|1685155153
|switch|p2a: Gigalith|Gigalith, L82, F|274/274
|-damage|p2a: Gigalith|240/274|[from] Stealth Rock
|-weather|Sandstorm|[from] ability: Sand Stream|[of] p2a: Gigalith
|move|p1a: Mienshao|U-turn|p2a: Gigalith
|-damage|p2a: Gigalith|199/274
|
|t:|1685155182
|switch|p1a: Mamoswine|Mamoswine, L80, F|307/307|[from] U-turn
|-damage|p1a: Mamoswine|269/307|[from] Stealth Rock
|
|-weather|Sandstorm|[upkeep]
|upkeep
|turn|4
|
|t:|1685155203
|move|p1a: Mamoswine|Superpower|p2a: Gigalith
|-supereffective|p2a: Gigalith
|-damage|p2a: Gigalith|0 fnt
|-unboost|p1a: Mamoswine|atk|1
|-unboost|p1a: Mamoswine|def|1
|faint|p2a: Gigalith
|
|-weather|Sandstorm|[upkeep]
|upkeep
|
|t:|1685155211
|switch|p2a: Kingdra|Kingdra, L82, M|257/257
|-damage|p2a: Kingdra|225/257|[from] Stealth Rock
|turn|5
|
|t:|1685155243
|switch|p1a: Eldegoss|Eldegoss, L90, F|254/254
|-damage|p1a: Eldegoss|223/254|[from] Stealth Rock
|move|p2a: Kingdra|Rain Dance|p2a: Kingdra
|-weather|RainDance
|
|-weather|RainDance|[upkeep]
|-heal|p1a: Eldegoss|238/254|[from] item: Leftovers
|upkeep
|turn|6
|
|t:|1685155278
|move|p2a: Kingdra|Hurricane|p1a: Eldegoss
|-supereffective|p1a: Eldegoss
|-damage|p1a: Eldegoss|98/254
|-damage|p2a: Kingdra|200/257|[from] item: Life Orb
|move|p1a: Eldegoss|Sleep Powder|p2a: Kingdra
|-status|p2a: Kingdra|slp|[from] move: Sleep Powder
|
|-weather|RainDance|[upkeep]
|-heal|p1a: Eldegoss|113/254|[from] item: Leftovers
|upkeep
|turn|7
|
|t:|1685155301
|cant|p2a: Kingdra|slp
|move|p1a: Eldegoss|Leech Seed|p2a: Kingdra
|-start|p2a: Kingdra|move: Leech Seed
|
|-weather|RainDance|[upkeep]
|-heal|p1a: Eldegoss|128/254|[from] item: Leftovers
|-damage|p2a: Kingdra|168/257 slp|[from] Leech Seed|[of] p1a: Eldegoss
|-heal|p1a: Eldegoss|160/254|[silent]
|upkeep
|turn|8
|
|t:|1685155379
|switch|p2a: Scizor|Scizor, L80, M|243/243
|-damage|p2a: Scizor|213/243|[from] Stealth Rock
|move|p1a: Eldegoss|Energy Ball|p2a: Scizor
|-resisted|p2a: Scizor
|-damage|p2a: Scizor|188/243
|
|-weather|RainDance|[upkeep]
|-heal|p1a: Eldegoss|175/254|[from] item: Leftovers
|upkeep
|turn|9
|
|t:|1685155404
|switch|p1a: Nidoqueen|Nidoqueen, L84, F|288/288
|-damage|p1a: Nidoqueen|270/288|[from] Stealth Rock
|move|p2a: Scizor|Dual Wingbeat|p1a: Nidoqueen
|-damage|p1a: Nidoqueen|208/288
|-damage|p1a: Nidoqueen|143/288
|-hitcount|p1a: Nidoqueen|2
|-damage|p2a: Scizor|164/243|[from] item: Life Orb
|
|-weather|none
|upkeep
|turn|10
|
|t:|1685155453
|switch|p2a: Hitmonlee|Hitmonlee, L84, M|221/221
|-damage|p2a: Hitmonlee|208/221|[from] Stealth Rock
|move|p1a: Nidoqueen|Earth Power|p2a: Hitmonlee
|-damage|p2a: Hitmonlee|101/221
|
|upkeep
|turn|11
|
|t:|1685155477
|move|p2a: Hitmonlee|High Jump Kick|p1a: Nidoqueen
|-resisted|p1a: Nidoqueen
|-damage|p1a: Nidoqueen|0 fnt
|faint|p1a: Nidoqueen
|
|upkeep
|
|t:|1685155510
|switch|p1a: Mienshao|Mienshao, L82, F|122/241
|-damage|p1a: Mienshao|107/241|[from] Stealth Rock
|turn|12
|
|t:|1685155539
|move|p1a: Mienshao|Close Combat|p2a: Hitmonlee
|-damage|p2a: Hitmonlee|0 fnt
|-unboost|p1a: Mienshao|def|1
|-unboost|p1a: Mienshao|spd|1
|faint|p2a: Hitmonlee
|
|upkeep
|
|t:|1685155543
|switch|p2a: Scizor|Scizor, L80, M|164/243
|-damage|p2a: Scizor|134/243|[from] Stealth Rock
|turn|13
|
|t:|1685155595
|switch|p1a: Eldegoss|Eldegoss, L90, F|254/254
|-damage|p1a: Eldegoss|223/254|[from] Stealth Rock
|move|p2a: Scizor|Dual Wingbeat|p1a: Eldegoss
|-supereffective|p1a: Eldegoss
|-damage|p1a: Eldegoss|93/254
|-supereffective|p1a: Eldegoss
|-damage|p1a: Eldegoss|0 fnt
|faint|p1a: Eldegoss
|-hitcount|p1: Eldegoss|2
|-damage|p2a: Scizor|110/243|[from] item: Life Orb
|
|upkeep
|
|t:|1685155601
|switch|p1a: Mienshao|Mienshao, L82, F|187/241
|-damage|p1a: Mienshao|172/241|[from] Stealth Rock
|turn|14
|
|t:|1685155609
|switch|p2a: Aurorus|Aurorus, L84, M|344/344
|-weather|Hail|[from] ability: Snow Warning|[of] p2a: Aurorus
|move|p1a: Mienshao|Close Combat|p2a: Aurorus
|-supereffective|p2a: Aurorus
|-damage|p2a: Aurorus|0 fnt
|-unboost|p1a: Mienshao|def|1
|-unboost|p1a: Mienshao|spd|1
|faint|p2a: Aurorus
|
|-weather|Hail|[upkeep]
|-damage|p1a: Mienshao|157/241|[from] Hail
|upkeep
|
|t:|1685155619
|switch|p2a: Scizor|Scizor, L80, M|110/243
|-damage|p2a: Scizor|80/243|[from] Stealth Rock
|turn|15
|
|t:|1685155633
|-start|p1a: Mienshao|Dynamax|
|-heal|p1a: Mienshao|314/482|[silent]
|move|p1a: Mienshao|Max Knuckle|p2a: Scizor
|-damage|p2a: Scizor|0 fnt
|-boost|p1a: Mienshao|atk|1
|faint|p2a: Scizor
|
|-weather|Hail|[upkeep]
|-damage|p1a: Mienshao|299/482|[from] Hail
|upkeep
|
|t:|1685155637
|switch|p2a: Seaking|Seaking, L88, M|284/284
|-damage|p2a: Seaking|249/284|[from] Stealth Rock
|turn|16
|
|t:|1685155661
|-start|p2a: Seaking|Dynamax|
|-heal|p2a: Seaking|498/568|[silent]
|move|p1a: Mienshao|Max Knuckle|p2a: Seaking
|-damage|p2a: Seaking|296/568
|-boost|p1a: Mienshao|atk|1
|move|p2a: Seaking|Max Geyser|p1a: Mienshao
|-damage|p1a: Mienshao|0 fnt
|-weather|RainDance
|faint|p1a: Mienshao
|-damage|p2a: Seaking|268/568|[from] item: Life Orb
|
|-weather|RainDance|[upkeep]
|upkeep
|
|t:|1685155708
|switch|p1a: Ditto|Ditto, L76|198/198
|-damage|p1a: Ditto|174/198|[from] Stealth Rock
|-transform|p1a: Ditto|p2a: Seaking|[from] ability: Imposter
|turn|17
|
|t:|1685155781
|move|p1a: Ditto|Waterfall|p2a: Seaking
|-resisted|p2a: Seaking
|-damage|p2a: Seaking|205/568
|move|p2a: Seaking|Max Flutterby|p1a: Ditto
|-damage|p1a: Ditto|22/198
|-unboost|p1a: Ditto|spa|1
|-damage|p2a: Seaking|177/568|[from] item: Life Orb
|
|-weather|RainDance|[upkeep]
|upkeep
|turn|18
|
|t:|1685155815
|move|p1a: Ditto|Waterfall|p2a: Seaking
|-resisted|p2a: Seaking
|-damage|p2a: Seaking|111/568
|move|p2a: Seaking|Max Geyser|p1a: Ditto
|-resisted|p1a: Ditto
|-damage|p1a: Ditto|0 fnt
|faint|p1a: Ditto
|-damage|p2a: Seaking|83/568|[from] item: Life Orb
|
|-weather|RainDance|[upkeep]
|upkeep
|
|t:|1685155844
|switch|p1a: Scyther|Scyther, L81, M|246/246
|-end|p2a: Seaking|Dynamax
|-heal|p2a: Seaking|42/284|[silent]
|turn|19
|
|t:|1685155866
|move|p2a: Seaking|Waterfall|p1a: Scyther
|-damage|p1a: Scyther|47/246
|-damage|p2a: Seaking|14/284|[from] item: Life Orb
|cant|p1a: Scyther|flinch
|
|-weather|RainDance|[upkeep]
|upkeep
|turn|20
|c|☆woopre|unfort
|
|t:|1685155918
|move|p2a: Seaking|Waterfall|p1a: Scyther
|-damage|p1a: Scyther|0 fnt
|faint|p1a: Scyther
|-damage|p2a: Seaking|0 fnt|[from] item: Life Orb
|faint|p2a: Seaking
|
|-weather|none
|upkeep
|
|t:|1685155921
|switch|p1a: Mamoswine|Mamoswine, L80, F|269/307
|switch|p2a: Kingdra|Kingdra, L82, M|168/257 slp
|-damage|p2a: Kingdra|136/257 slp|[from] Stealth Rock
|-damage|p1a: Mamoswine|231/307|[from] Stealth Rock
|turn|21
|
|t:|1685155958
|-curestatus|p2a: Kingdra|slp|[msg]
|move|p2a: Kingdra|Hydro Pump|p1a: Mamoswine
|-supereffective|p1a: Mamoswine
|-damage|p1a: Mamoswine|0 fnt
|faint|p1a: Mamoswine
|-damage|p2a: Kingdra|111/257|[from] item: Life Orb
|
|win|woopre
|c|☆piaa|well
|c|☆piaa|gg
|c|☆woopre|oh damn
|c|☆woopre|gg
|l|☆piaa
