{"id": "gen8randombattle-1874200730", "p1": "ALPHAMALETERROIST", "p2": "Hydogen", "format": "[Gen 8] Random Battle", "log": "|j|\u2606ALPHAMALETERROIST\n|j|\u2606Hydogen\n|t:|1685472741\n|gametype|singles\n|player|p1|ALPHAMALETERROIST|swimmerf-gen4|1248\n|player|p2|Hydogen|lucas|1340\n|teamsize|p1|6\n|teamsize|p2|6\n|gen|8\n|tier|[Gen 8] Random Battle\n|rated|\n|rule|Species Clause: Limit one of each Pok\u00e9mon\n|rule|HP Percentage Mod: HP is shown in percentages\n|rule|Sleep Clause Mod: Limit one foe put to sleep\n|\n|t:|1685472741\n|start\n|switch|p1a: Decidueye|Decidueye, L86, F|274/274\n|switch|p2a: Dragonite|Dragonite, L75, F|259/259\n|turn|1\n|c|\u2606ALPHAMALETERROIST|niggerniggerniggerniggerniggerniggerniggerniggerniggerniggerniggerniggerniggerniggerniggerniggerniggerniggerniggerniggerniggerniggerniggerniggerniggerniggerniggerniggerniggerniggerniggerniggerniggerniggerniggerniggerniggerniggerniggerniggerniggerniggerniggerniggerniggerniggerniggernigger\n|c|\u2606ALPHAMALETERROIST|oopsies\n|inactive|Battle timer is ON: inactive players will automatically lose when time's up. (requested by Hydogen)\n|c|\u2606ALPHAMALETERROIST|i meant to send that  to my chicking eating freind\n|\n|t:|1685472760\n|switch|p1a: Seismitoad|Seismitoad, L84, F|314/314\n|move|p2a: Dragonite|Dual Wingbeat|p1a: Seismitoad|[miss]\n|-miss|p2a: Dragonite|p1a: Seismitoad\n|\n|upkeep\n|turn|2\n|\n|t:|1685472774\n|switch|p2a: Metagross|Metagross, L79|256/256\n|move|p1a: Seismitoad|Stealth Rock|p2a: Metagross\n|-sidestart|p2: Hydogen|move: Stealth Rock\n|\n|upkeep\n|turn|3\n|\n|t:|1685472782\n|move|p1a: Seismitoad|Earthquake|p2a: Metagross\n|-supereffective|p2a: Metagross\n|-damage|p2a: Metagross|30/256\n|-enditem|p2a: Metagross|Weakness Policy\n|-boost|p2a: Metagross|atk|2|[from] item: Weakness Policy\n|-boost|p2a: Metagross|spa|2|[from] item: Weakness Policy\n|-damage|p1a: Seismitoad|283/314|[from] item: Life Orb\n|move|p2a: Metagross|Meteor Mash|p1a: Seismitoad\n|-resisted|p1a: Seismitoad\n|-damage|p1a: Seismitoad|157/314\n|\n|upkeep\n|turn|4\n|c|\u2606ALPHAMALETERROIST|niggerniggerniggerniggerniggerniggerniggerniggerniggerniggerniggerniggerniggerniggerniggerniggerniggerniggerniggerniggerniggerniggerniggerniggerniggerniggerniggerniggerniggerniggerniggerniggerniggerniggerniggerniggerniggerniggerniggerniggerniggerniggerniggerniggerniggerniggerniggerniggerniggerniggerniggerniggerniggerniggerniggerniggerniggerniggerniggerniggerniggerniggerniggerniggerniggerniggerniggerniggerniggerniggerniggerniggerniggerniggerniggerniggerniggerniggerniggerniggerniggerniggerniggerniggerniggerniggerniggerniggerniggerniggerniggerniggerniggerniggerniggernigger\n|n|\u203dALPHAMALETERROIST|alphamaleterroist\n|c|&|/log ALPHAMALETERROIST was locked from talking by Artemis. (\u2606ALPHAMALETERROIST: niggerniggerniggerniggerniggerniggerniggerniggerniggerniggerniggerniggerniggerniggerniggerniggerniggerniggerniggerniggerniggerniggerniggerniggerniggerniggerniggerniggerniggerniggerniggerniggerniggerniggerniggerniggerniggerniggerniggerniggerniggerniggerniggerniggerniggerniggerniggerniggerniggerniggerniggerniggerniggerniggerniggerniggerniggerniggerniggerniggerniggerniggerniggerniggerniggerniggerniggerniggerniggerniggerniggerniggerniggerniggerniggerniggerniggerniggerniggerniggerniggerniggerniggerniggerniggerniggerniggerniggerniggerniggerniggerniggerniggerniggerniggernigger)\n|c|&|/raw <small>This action was done automatically. Want to learn more about the AI? <a href=\"https://www.smogon.com/forums/threads/3570628/#post-9056769\">Visit the information thread</a>.</small>\n|\n|t:|1685472800\n|switch|p2a: Dragonite|Dragonite, L75, F|259/259\n|-damage|p2a: Dragonite|195/259|[from] Stealth Rock\n|move|p1a: Seismitoad|Earthquake|p2a: Dragonite\n|-immune|p2a: Dragonite\n|\n|upkeep\n|turn|5\n|\n|t:|1685472827\n|switch|p1a: Porygon2|Porygon2, L82|274/274\n|-ability|p1a: Porygon2|Multiscale|[from] ability: Trace|[of] p2a: Dragonite\n|move|p2a: Dragonite|Outrage|p1a: Porygon2\n|-damage|p1a: Porygon2|204/274\n|\n|upkeep\n|turn|6\n|\n|t:|1685472837\n|move|p2a: Dragonite|Outrage|p1a: Porygon2|[from]lockedmove\n|-damage|p1a: Porygon2|62/274\n|move|p1a: Porygon2|Toxic|p2a: Dragonite\n|-status|p2a: Dragonite|tox\n|\n|-damage|p2a: Dragonite|179/259 tox|[from] psn\n|upkeep\n|turn|7\n|\n|t:|1685472845\n|move|p2a: Dragonite|Outrage|p1a: Porygon2|[from]lockedmove\n|-damage|p1a: Porygon2|0 fnt\n|faint|p1a: Porygon2\n|-start|p2a: Dragonite|confusion|[fatigue]\n|\n|-damage|p2a: Dragonite|147/259 tox|[from] psn\n|upkeep\n|\n|t:|1685472853\n|switch|p1a: Seismitoad|Seismitoad, L84, F|157/314\n|turn|8\n|-message|ALPHAMALETERROIST lost by having an inappropriate name.\n|\n|win|Hydogen\n|raw|ALPHAMALETERROIST's rating: 1230 &rarr; <strong>1213</strong><br />(-17 for losing)\n|raw|Hydogen's rating: 1340 &rarr; <strong>1354</strong><br />(+14 for winning)\n", "inputlog": ">version b04b3d7eb02acfee3319999ae188c673d8c969f3\n>start {\"formatid\":\"gen8randombattle\",\"seed\":[43447,44734,13537,1784],\"rated\":\"Rated battle\"}\n>player p1 {\"name\":\"ALPHAMALETERROIST\",\"avatar\":\"swimmerf-gen4\",\"rating\":1248,\"seed\":[31515,13014,61782,46105]}\n>player p2 {\"name\":\"Hydogen\",\"avatar\":\"lucas\",\"rating\":1340,\"seed\":[34661,23222,727,9842]}\n>chat \u2606ALPHAMALETERROIST|niggerniggerniggerniggerniggerniggerniggerniggerniggerniggerniggerniggerniggerniggerniggerniggerniggerniggerniggerniggerniggerniggerniggerniggerniggerniggerniggerniggerniggerniggerniggerniggerniggerniggerniggerniggerniggerniggerniggerniggerniggerniggerniggerniggerniggerniggerniggernigger\n>chat \u2606ALPHAMALETERROIST|oopsies\n>chat \u2606ALPHAMALETERROIST|i meant to send that  to my chicking eating freind\n>p1 switch 2\n>p2 move dualwingbeat\n>p1 move stealthrock\n>p2 switch 4\n>p1 move earthquake\n>p2 move meteormash\n>chat \u2606ALPHAMALETERROIST|niggerniggerniggerniggerniggerniggerniggerniggerniggerniggerniggerniggerniggerniggerniggerniggerniggerniggerniggerniggerniggerniggerniggerniggerniggerniggerniggerniggerniggerniggerniggerniggerniggerniggerniggerniggerniggerniggerniggerniggerniggerniggerniggerniggerniggerniggerniggerniggerniggerniggerniggerniggerniggerniggerniggerniggerniggerniggerniggerniggerniggerniggerniggerniggerniggerniggerniggerniggerniggerniggerniggerniggerniggerniggerniggerniggerniggerniggerniggerniggerniggerniggerniggerniggerniggerniggerniggerniggerniggerniggerniggerniggerniggerniggerniggernigger\n>p1 move earthquake\n>p2 switch 4\n>p1 switch 5\n>p2 move outrage\n>p1 move toxic\n>p2 move outrage\n>p1 move recover\n>p2 move outrage\n>p1 switch 5\n>forcelose p1", "uploadtime": 1685472744, "views": 2, "p1id": "alphamaleterroist", "p2id": "hydogen", "formatid": "gen8randombattle", "rating": 1213, "private": 0, "password": ""}