|j|☆ewex
|j|☆Boris Huang - YT
|t:|1668723158
|gametype|singles
|player|p1|ewex|1|2400
|player|p2|Boris Huang - YT|#teamgapdos|2539
|teamsize|p1|6
|teamsize|p2|6
|gen|8
|tier|[Gen 8] Random Battle
|rated|
|rule|Species Clause: Limit one of each Pokémon
|rule|HP Percentage Mod: HP is shown in percentages
|rule|Sleep Clause Mod: Limit one foe put to sleep
|
|t:|1668723158
|start
|switch|p1a: Clefable|Clefable, L82, F|290/290
|switch|p2a: Lanturn|Lanturn, L86, F|355/355
|turn|1
|inactive|Battle timer is ON: inactive players will automatically lose when time's up. (requested by Boris Huang - YT)
|
|t:|1668723169
|move|p2a: Lanturn|Volt Switch|p1a: Clefable
|-damage|p1a: Clefable|221/290
|
|t:|1668723177
|switch|p2a: Clefable|Clefable, L82, F|290/290
|move|p1a: Clefable|Moonblast|p2a: Clefable
|-damage|p2a: Clefable|164/290
|
|upkeep
|turn|2
|
|t:|1668723180
|move|p2a: Clefable|Soft-Boiled|p2a: Clefable
|-heal|p2a: Clefable|290/290
|move|p1a: Clefable|Moonblast|p2a: Clefable
|-damage|p2a: Clefable|173/290
|-unboost|p2a: Clefable|spa|1
|
|upkeep
|turn|3
|
|t:|1668723185
|move|p1a: Clefable|Moonblast|p2a: Clefable
|-damage|p2a: Clefable|39/290
|move|p2a: Clefable|Soft-Boiled|p2a: Clefable
|-heal|p2a: Clefable|184/290
|
|upkeep
|turn|4
|
|t:|1668723188
|move|p1a: Clefable|Moonblast|p2a: Clefable
|-damage|p2a: Clefable|55/290
|move|p2a: Clefable|Soft-Boiled|p2a: Clefable
|-heal|p2a: Clefable|200/290
|
|upkeep
|turn|5
|
|t:|1668723189
|move|p1a: Clefable|Moonblast|p2a: Clefable
|-damage|p2a: Clefable|67/290
|move|p2a: Clefable|Soft-Boiled|p2a: Clefable
|-heal|p2a: Clefable|212/290
|
|upkeep
|turn|6
|
|t:|1668723191
|move|p1a: Clefable|Moonblast|p2a: Clefable
|-damage|p2a: Clefable|95/290
|-unboost|p2a: Clefable|spa|1
|move|p2a: Clefable|Soft-Boiled|p2a: Clefable
|-heal|p2a: Clefable|240/290
|
|upkeep
|turn|7
|
|t:|1668723202
|move|p1a: Clefable|Calm Mind|p1a: Clefable
|-boost|p1a: Clefable|spa|1
|-boost|p1a: Clefable|spd|1
|move|p2a: Clefable|Moonblast|p1a: Clefable
|-damage|p1a: Clefable|177/290
|
|upkeep
|turn|8
|
|t:|1668723205
|move|p2a: Clefable|Calm Mind|p2a: Clefable
|-boost|p2a: Clefable|spa|1
|-boost|p2a: Clefable|spd|1
|move|p1a: Clefable|Moonblast|p2a: Clefable
|-damage|p2a: Clefable|110/290
|
|upkeep
|turn|9
|
|t:|1668723207
|move|p1a: Clefable|Moonblast|p2a: Clefable
|-damage|p2a: Clefable|0 fnt
|faint|p2a: Clefable
|
|upkeep
|
|t:|1668723212
|switch|p2a: Kabutops|Kabutops, L82, M|233/233
|turn|10
|
|t:|1668723235
|-start|p2a: Kabutops|Dynamax|
|-heal|p2a: Kabutops|466/466|[silent]
|move|p2a: Kabutops|Max Geyser|p1a: Clefable
|-damage|p1a: Clefable|0 fnt
|-weather|RainDance
|faint|p1a: Clefable
|-damage|p2a: Kabutops|443/466|[from] item: Life Orb
|
|-weather|RainDance|[upkeep]
|upkeep
|
|t:|1668723244
|switch|p1a: Celebi|Celebi, L82|298/298
|turn|11
|
|t:|1668723248
|-start|p1a: Celebi|Dynamax|
|-heal|p1a: Celebi|596/596|[silent]
|move|p2a: Kabutops|Max Darkness|p1a: Celebi
|-supereffective|p1a: Celebi
|-damage|p1a: Celebi|378/596
|-unboost|p1a: Celebi|spd|1
|-damage|p2a: Kabutops|420/466|[from] item: Life Orb
|move|p1a: Celebi|Max Overgrowth|p2a: Kabutops
|-supereffective|p2a: Kabutops
|-damage|p2a: Kabutops|0 fnt
|-fieldstart|move: Grassy Terrain
|faint|p2a: Kabutops
|
|-weather|RainDance|[upkeep]
|-heal|p1a: Celebi|396/596|[from] Grassy Terrain
|-heal|p1a: Celebi|414/596|[from] item: Leftovers
|upkeep
|
|t:|1668723257
|switch|p2a: Passimian|Passimian, L82, F|298/298
|turn|12
|
|t:|1668723261
|move|p2a: Passimian|U-turn|p1a: Celebi
|-supereffective|p1a: Celebi
|-crit|p1a: Celebi
|-damage|p1a: Celebi|86/596
|
|t:|1668723263
|switch|p2a: Porygon-Z|Porygon-Z, L80|267/267
|move|p1a: Celebi|Max Overgrowth|p2a: Porygon-Z
|-damage|p2a: Porygon-Z|53/267
|
|-weather|RainDance|[upkeep]
|-heal|p1a: Celebi|104/596|[from] Grassy Terrain
|-heal|p1a: Celebi|122/596|[from] item: Leftovers
|-heal|p2a: Porygon-Z|69/267|[from] Grassy Terrain
|upkeep
|turn|13
|
|t:|1668723267
|move|p1a: Celebi|Max Overgrowth|p2a: Porygon-Z
|-damage|p2a: Porygon-Z|0 fnt
|faint|p2a: Porygon-Z
|
|-weather|RainDance|[upkeep]
|-heal|p1a: Celebi|140/596|[from] Grassy Terrain
|-heal|p1a: Celebi|158/596|[from] item: Leftovers
|upkeep
|
|t:|1668723269
|switch|p2a: Passimian|Passimian, L82, F|298/298
|-end|p1a: Celebi|Dynamax
|-heal|p1a: Celebi|79/298|[silent]
|turn|14
|
|t:|1668723279
|switch|p1a: Ninjask|Ninjask, L86, M|245/245
|move|p2a: Passimian|U-turn|p1a: Ninjask
|-resisted|p1a: Ninjask
|-damage|p1a: Ninjask|203/245
|
|t:|1668723280
|switch|p2a: Rhydon|Rhydon, L87, F|324/324
|
|-weather|none
|upkeep
|turn|15
|
|t:|1668723284
|move|p1a: Ninjask|U-turn|p2a: Rhydon
|-damage|p2a: Rhydon|287/324
|
|t:|1668723293
|switch|p1a: Duraludon|Duraludon, L84, F|255/255
|move|p2a: Rhydon|Stealth Rock|p1a: Duraludon
|-sidestart|p1: ewex|move: Stealth Rock
|
|-heal|p2a: Rhydon|307/324|[from] Grassy Terrain
|-fieldend|move: Grassy Terrain
|upkeep
|turn|16
|
|t:|1668723306
|move|p1a: Duraludon|Flash Cannon|p2a: Rhydon
|-supereffective|p2a: Rhydon
|-damage|p2a: Rhydon|119/324
|move|p2a: Rhydon|Earthquake|p1a: Duraludon
|-supereffective|p1a: Duraludon
|-damage|p1a: Duraludon|21/255
|
|upkeep
|turn|17
|
|t:|1668723310
|switch|p2a: Lanturn|Lanturn, L86, F|355/355
|move|p1a: Duraludon|Body Press|p2a: Lanturn
|-damage|p2a: Lanturn|266/355
|
|-heal|p2a: Lanturn|288/355|[from] item: Leftovers
|upkeep
|turn|18
|
|t:|1668723313
|move|p1a: Duraludon|Draco Meteor|p2a: Lanturn
|-damage|p2a: Lanturn|123/355
|-unboost|p1a: Duraludon|spa|2
|move|p2a: Lanturn|Volt Switch|p1a: Duraludon
|-resisted|p1a: Duraludon
|-damage|p1a: Duraludon|0 fnt
|faint|p1a: Duraludon
|
|t:|1668723317
|switch|p2a: Passimian|Passimian, L82, F|298/298
|
|upkeep
|
|t:|1668723326
|switch|p1a: Ninjask|Ninjask, L86, M|203/245
|-damage|p1a: Ninjask|81/245|[from] Stealth Rock
|turn|19
|
|t:|1668723334
|switch|p2a: Rhydon|Rhydon, L87, F|119/324
|move|p1a: Ninjask|Swords Dance|p1a: Ninjask
|-boost|p1a: Ninjask|atk|2
|
|-ability|p1a: Ninjask|Speed Boost|boost
|-boost|p1a: Ninjask|spe|1
|upkeep
|turn|20
|
|t:|1668723338
|move|p1a: Ninjask|Leech Life|p2a: Rhydon
|-damage|p2a: Rhydon|32/324
|-heal|p1a: Ninjask|125/245|[from] drain|[of] p2a: Rhydon
|move|p2a: Rhydon|Stone Edge|p1a: Ninjask
|-supereffective|p1a: Ninjask
|-damage|p1a: Ninjask|0 fnt
|faint|p1a: Ninjask
|
|upkeep
|
|t:|1668723352
|switch|p1a: Celebi|Celebi, L82|79/298
|-damage|p1a: Celebi|42/298|[from] Stealth Rock
|turn|21
|
|t:|1668723360
|move|p1a: Celebi|Earth Power|p2a: Rhydon
|-supereffective|p2a: Rhydon
|-damage|p2a: Rhydon|0 fnt
|faint|p2a: Rhydon
|
|-heal|p1a: Celebi|60/298|[from] item: Leftovers
|upkeep
|
|t:|1668723362
|switch|p2a: Passimian|Passimian, L82, F|298/298
|turn|22
|
|t:|1668723369
|move|p2a: Passimian|U-turn|p1a: Celebi
|-supereffective|p1a: Celebi
|-damage|p1a: Celebi|0 fnt
|faint|p1a: Celebi
|
|t:|1668723370
|switch|p2a: Lanturn|Lanturn, L86, F|123/355
|
|-heal|p2a: Lanturn|145/355|[from] item: Leftovers
|upkeep
|
|t:|1668723372
|switch|p1a: Azelf|Azelf, L82|257/257
|-damage|p1a: Azelf|225/257|[from] Stealth Rock
|turn|23
|
|t:|1668723394
|move|p1a: Azelf|Psychic|p2a: Lanturn
|-crit|p2a: Lanturn
|-damage|p2a: Lanturn|0 fnt
|faint|p2a: Lanturn
|
|-heal|p1a: Azelf|241/257|[from] item: Leftovers
|upkeep
|
|t:|1668723397
|switch|p2a: Passimian|Passimian, L82, F|298/298
|turn|24
|
|t:|1668723400
|move|p2a: Passimian|U-turn|p1a: Azelf
|-supereffective|p1a: Azelf
|-damage|p1a: Azelf|95/257
|move|p1a: Azelf|Psychic|p2a: Passimian
|-supereffective|p2a: Passimian
|-damage|p2a: Passimian|0 fnt
|faint|p2a: Passimian
|
|win|ewex
|raw|ewex's rating: 2400 &rarr; <strong>2428</strong><br />(+28 for winning)
|raw|Boris Huang - YT's rating: 2539 &rarr; <strong>2511</strong><br />(-28 for losing)
|c|☆ewex|gg
|c|☆Boris Huang - YT|gg
|l|☆Boris Huang - YT
||Ladder isn't responding, score probably updated but might not have (Request timeout).
