{"id": "gen8randombattle-1874846522", "p1": "Habib_SSJ2", "p2": "Aadi256", "format": "[Gen 8] Random Battle", "log": "|j|\u2606Habib_SSJ2\n|j|\u2606Aadi256\n|t:|1685546162\n|gametype|singles\n|player|p1|Habib_SSJ2|gambler|\n|player|p2|Aadi256|shadowtriad|\n|teamsize|p1|6\n|teamsize|p2|6\n|gen|8\n|tier|[Gen 8] Random Battle\n|rule|Species Clause: Limit one of each Pok\u00e9mon\n|rule|HP Percentage Mod: HP is shown in percentages\n|rule|Sleep Clause Mod: Limit one foe put to sleep\n|\n|t:|1685546163\n|start\n|switch|p1a: Darmanitan|Darmanitan-Galar, L78, F|292/292\n|switch|p2a: Decidueye|Decidueye, L86, F|274/274\n|turn|1\n|c|\u2606Aadi256|wth is that\n|inactive|Battle timer is ON: inactive players will automatically lose when time's up. (requested by Habib_SSJ2)\n|inactive|Aadi256 has 270 seconds left.\n|\n|t:|1685546210\n|switch|p2a: Omastar|Omastar, L82, F|249/249\n|move|p1a: Darmanitan|Substitute|p1a: Darmanitan\n|-start|p1a: Darmanitan|Substitute\n|-damage|p1a: Darmanitan|219/292\n|\n|upkeep\n|turn|2\n|\n|t:|1685546223\n|move|p1a: Darmanitan|Belly Drum|p1a: Darmanitan\n|-damage|p1a: Darmanitan|73/292\n|-setboost|p1a: Darmanitan|atk|6|[from] move: Belly Drum\n|-enditem|p1a: Darmanitan|Salac Berry|[eat]\n|-boost|p1a: Darmanitan|spe|1|[from] item: Salac Berry\n|move|p2a: Omastar|Earth Power|p1a: Darmanitan\n|-end|p1a: Darmanitan|Substitute\n|\n|-formechange|p1a: Darmanitan|Darmanitan-Galar-Zen|\n|upkeep\n|turn|3\n|c|\u2606Aadi256|im scared\n|inactive|Habib_SSJ2 has 270 seconds left.\n|\n|t:|1685546268\n|-start|p1a: Darmanitan|Dynamax|\n|-heal|p1a: Darmanitan|146/584|[silent]\n|move|p1a: Darmanitan|Max Flare|p2a: Omastar\n|-resisted|p2a: Omastar\n|-damage|p2a: Omastar|112/249\n|-weather|SunnyDay\n|move|p2a: Omastar|Hydro Pump|p1a: Darmanitan\n|-supereffective|p1a: Darmanitan\n|-damage|p1a: Darmanitan|0 fnt\n|faint|p1a: Darmanitan\n|\n|-weather|SunnyDay|[upkeep]\n|upkeep\n|c|\u2606Aadi256|LMAOO\n|c|\u2606Habib_SSJ2|yea that wasnt the best move tbh\n|inactive|Habib_SSJ2 has 240 seconds left.\n|c|\u2606Aadi256|oof\n|\n|t:|1685546295\n|switch|p1a: Roserade|Roserade, L84, M|238/238\n|turn|4\n|inactive|Habib_SSJ2 has 240 seconds left.\n|\n|t:|1685546305\n|move|p1a: Roserade|Sleep Powder|p2a: Omastar|[miss]\n|-miss|p1a: Roserade|p2a: Omastar\n|move|p2a: Omastar|Ice Beam|p1a: Roserade\n|-supereffective|p1a: Roserade\n|-damage|p1a: Roserade|122/238\n|\n|-weather|SunnyDay|[upkeep]\n|-heal|p1a: Roserade|136/238|[from] item: Black Sludge\n|upkeep\n|turn|5\n|c|\u2606Aadi256|oof\n|inactive|Habib_SSJ2 has 240 seconds left.\n|\n|t:|1685546316\n|move|p1a: Roserade|Synthesis|p1a: Roserade\n|-heal|p1a: Roserade|238/238\n|move|p2a: Omastar|Ice Beam|p1a: Roserade\n|-supereffective|p1a: Roserade\n|-damage|p1a: Roserade|126/238\n|\n|-weather|SunnyDay|[upkeep]\n|-heal|p1a: Roserade|140/238|[from] item: Black Sludge\n|upkeep\n|turn|6\n|\n|t:|1685546325\n|move|p1a: Roserade|Leaf Storm|p2a: Omastar\n|-supereffective|p2a: Omastar\n|-damage|p2a: Omastar|0 fnt\n|-unboost|p1a: Roserade|spa|2\n|faint|p2a: Omastar\n|\n|-weather|SunnyDay|[upkeep]\n|-heal|p1a: Roserade|154/238|[from] item: Black Sludge\n|upkeep\n|\n|t:|1685546339\n|switch|p2a: Glaceon|Glaceon, L88, F|258/258\n|turn|7\n|\n|t:|1685546355\n|move|p1a: Roserade|Sleep Powder|p2a: Glaceon\n|-status|p2a: Glaceon|slp|[from] move: Sleep Powder\n|cant|p2a: Glaceon|slp\n|\n|-weather|none\n|-heal|p1a: Roserade|168/238|[from] item: Black Sludge\n|upkeep\n|turn|8\n|\n|t:|1685546371\n|switch|p1a: Mudsdale|Mudsdale, L82, M|298/298\n|cant|p2a: Glaceon|slp\n|\n|upkeep\n|turn|9\n|\n|t:|1685546395\n|-curestatus|p2a: Glaceon|slp|[msg]\n|move|p2a: Glaceon|Freeze-Dry|p1a: Mudsdale\n|-supereffective|p1a: Mudsdale\n|-damage|p1a: Mudsdale|86/298\n|-ability|p1a: Mudsdale|Stamina|boost\n|-boost|p1a: Mudsdale|def|1\n|move|p1a: Mudsdale|Stealth Rock|p2a: Glaceon\n|-sidestart|p2: Aadi256|move: Stealth Rock\n|\n|-heal|p1a: Mudsdale|104/298|[from] item: Leftovers\n|upkeep\n|turn|10\n|inactive|Habib_SSJ2 has 240 seconds left.\n|c|\u2606Habib_SSJ2|thats so annoying\n|c|\u2606Aadi256|lmao\n|inactive|Habib_SSJ2 has 210 seconds left.\n|inactive|Aadi256 has 270 seconds left.\n|\n|t:|1685546451\n|move|p2a: Glaceon|Toxic|p1a: Mudsdale\n|-status|p1a: Mudsdale|tox\n|move|p1a: Mudsdale|Body Press|p2a: Glaceon\n|-supereffective|p2a: Glaceon\n|-damage|p2a: Glaceon|116/258\n|\n|-heal|p2a: Glaceon|132/258|[from] item: Leftovers\n|-heal|p1a: Mudsdale|122/298 tox|[from] item: Leftovers\n|-damage|p1a: Mudsdale|104/298 tox|[from] psn\n|upkeep\n|turn|11\n|inactive|Habib_SSJ2 has 210 seconds left.\n|c|\u2606Aadi256|BRUH\n|c|\u2606Aadi256|WHY DIDNT U CHANG\n|inactive|Aadi256 has 270 seconds left.\n|\n|t:|1685546468\n|move|p2a: Glaceon|Freeze-Dry|p1a: Mudsdale\n|-supereffective|p1a: Mudsdale\n|-damage|p1a: Mudsdale|0 fnt\n|faint|p1a: Mudsdale\n|\n|-heal|p2a: Glaceon|148/258|[from] item: Leftovers\n|upkeep\n|\n|t:|1685546484\n|switch|p1a: Roserade|Roserade, L84, M|168/238\n|turn|12\n|\n|t:|1685546493\n|move|p1a: Roserade|Sleep Powder|p2a: Glaceon\n|-status|p2a: Glaceon|slp|[from] move: Sleep Powder\n|cant|p2a: Glaceon|slp\n|\n|-heal|p1a: Roserade|182/238|[from] item: Black Sludge\n|-heal|p2a: Glaceon|164/258 slp|[from] item: Leftovers\n|upkeep\n|turn|13\n|\n|t:|1685546502\n|move|p1a: Roserade|Sludge Bomb|p2a: Glaceon\n|-damage|p2a: Glaceon|61/258 slp\n|-curestatus|p2a: Glaceon|slp|[msg]\n|move|p2a: Glaceon|Freeze-Dry|p1a: Roserade\n|-supereffective|p1a: Roserade\n|-damage|p1a: Roserade|0 fnt\n|faint|p1a: Roserade\n|\n|-heal|p2a: Glaceon|77/258|[from] item: Leftovers\n|upkeep\n|c|\u2606Habib_SSJ2|bro wtf\n|c|\u2606Habib_SSJ2|is this luck\n|c|\u2606Aadi256|LMOAOO\n|c|\u2606Habib_SSJ2|its actually insane\n|c|\u2606Aadi256|OMG\n|inactive|Habib_SSJ2 has 180 seconds left.\n|\n|t:|1685546542\n|switch|p1a: Tentacruel|Tentacruel, L84, F|272/272\n|turn|14\n|inactive|Habib_SSJ2 has 180 seconds left.\n|inactive|Aadi256 has 270 seconds left.\n|\n|t:|1685546582\n|move|p1a: Tentacruel|Knock Off|p2a: Glaceon\n|-damage|p2a: Glaceon|31/258\n|-enditem|p2a: Glaceon|Leftovers|[from] move: Knock Off|[of] p1a: Tentacruel\n|move|p2a: Glaceon|Wish|p2a: Glaceon\n|\n|upkeep\n|turn|15\n|inactive|Habib_SSJ2 has 180 seconds left.\n|\n|t:|1685546593\n|move|p2a: Glaceon|Protect|p2a: Glaceon\n|-singleturn|p2a: Glaceon|Protect\n|move|p1a: Tentacruel|Knock Off|p2a: Glaceon\n|-activate|p2a: Glaceon|move: Protect\n|\n|-heal|p2a: Glaceon|160/258|[from] move: Wish|[wisher] Glaceon\n|upkeep\n|turn|16\n|inactive|Aadi256 has 270 seconds left.\n|\n|t:|1685546601\n|move|p1a: Tentacruel|Knock Off|p2a: Glaceon\n|-damage|p2a: Glaceon|130/258\n|move|p2a: Glaceon|Wish|p2a: Glaceon\n|\n|upkeep\n|turn|17\n|\n|t:|1685546606\n|move|p2a: Glaceon|Protect|p2a: Glaceon\n|-singleturn|p2a: Glaceon|Protect\n|move|p1a: Tentacruel|Toxic Spikes|p2a: Glaceon\n|-sidestart|p2: Aadi256|move: Toxic Spikes\n|\n|-heal|p2a: Glaceon|258/258|[from] move: Wish|[wisher] Glaceon\n|upkeep\n|turn|18\n|c|\u2606Aadi256|oof\n|inactive|Aadi256 has 270 seconds left.\n|inactive|Aadi256 has 240 seconds left.\n|\n|t:|1685546657\n|switch|p2a: Porygon2|Porygon2, L82|274/274\n|-damage|p2a: Porygon2|240/274|[from] Stealth Rock\n|-status|p2a: Porygon2|psn\n|-ability|p2a: Porygon2|Clear Body|[from] ability: Trace|[of] p1a: Tentacruel\n|move|p1a: Tentacruel|Toxic Spikes|p2a: Porygon2\n|-sidestart|p2: Aadi256|move: Toxic Spikes\n|\n|-damage|p2a: Porygon2|206/274 psn|[from] psn\n|upkeep\n|turn|19\n|inactive|Aadi256 has 240 seconds left.\n|inactive|Habib_SSJ2 has 180 seconds left.\n|inactive|Aadi256 has 210 seconds left.\n|\n|t:|1685546705\n|move|p1a: Tentacruel|Scald|p2a: Porygon2\n|-damage|p2a: Porygon2|158/274 psn\n|move|p2a: Porygon2|Discharge|p1a: Tentacruel\n|-supereffective|p1a: Tentacruel\n|-damage|p1a: Tentacruel|180/272\n|\n|-heal|p1a: Tentacruel|197/272|[from] item: Black Sludge\n|-damage|p2a: Porygon2|124/274 psn|[from] psn\n|upkeep\n|turn|20\n|inactive|Habib_SSJ2 has 180 seconds left.\n|c|\u2606Aadi256|playy\n|\n|t:|1685546742\n|switch|p1a: Glalie|Glalie, L80, M|259/259\n|-start|p2a: Porygon2|Dynamax|\n|-heal|p2a: Porygon2|248/548 psn|[silent]\n|move|p2a: Porygon2|Max Lightning|p1a: Glalie\n|-damage|p1a: Glalie|154/259\n|-fieldstart|move: Electric Terrain\n|\n|-heal|p1a: Glalie|170/259|[from] item: Leftovers\n|-damage|p2a: Porygon2|214/548 psn|[from] psn\n|-ability|p1a: Glalie|Moody|boost\n|-boost|p1a: Glalie|spa|2\n|-unboost|p1a: Glalie|spd|1\n|upkeep\n|turn|21\n|inactive|Habib_SSJ2 has 150 seconds left.\n|inactive|Aadi256 has 180 seconds left.\n|\n|t:|1685546788\n|move|p1a: Glalie|Protect|p1a: Glalie\n|-singleturn|p1a: Glalie|Protect\n|move|p2a: Porygon2|Max Strike|p1a: Glalie\n|-zbroken|p1a: Glalie\n|-damage|p1a: Glalie|109/259\n|-unboost|p1a: Glalie|spe|1\n|\n|-heal|p1a: Glalie|125/259|[from] item: Leftovers\n|-damage|p2a: Porygon2|180/548 psn|[from] psn\n|-ability|p1a: Glalie|Moody|boost\n|-boost|p1a: Glalie|atk|2\n|-unboost|p1a: Glalie|def|1\n|upkeep\n|turn|22\n|inactive|Habib_SSJ2 has 150 seconds left.\n|\n|t:|1685546807\n|move|p2a: Porygon2|Max Strike|p1a: Glalie\n|-damage|p1a: Glalie|0 fnt\n|faint|p1a: Glalie\n|\n|-damage|p2a: Porygon2|146/548 psn|[from] psn\n|upkeep\n|c|\u2606Aadi256|LMAO\n|\n|t:|1685546823\n|switch|p1a: Lugia|Lugia, L74|279/279\n|-end|p2a: Porygon2|Dynamax\n|-heal|p2a: Porygon2|73/274 psn|[silent]\n|turn|23\n|\n|t:|1685546850\n|move|p1a: Lugia|Substitute|p1a: Lugia\n|-start|p1a: Lugia|Substitute\n|-damage|p1a: Lugia|210/279\n|move|p2a: Porygon2|Discharge|p1a: Lugia\n|-supereffective|p1a: Lugia\n|-end|p1a: Lugia|Substitute\n|\n|-damage|p2a: Porygon2|39/274 psn|[from] psn\n|upkeep\n|turn|24\n|\n|t:|1685546863\n|move|p1a: Lugia|Substitute|p1a: Lugia\n|-start|p1a: Lugia|Substitute\n|-damage|p1a: Lugia|141/279\n|move|p2a: Porygon2|Recover|p2a: Porygon2\n|-heal|p2a: Porygon2|176/274 psn\n|\n|-damage|p2a: Porygon2|142/274 psn|[from] psn\n|-fieldend|move: Electric Terrain\n|upkeep\n|turn|25\n|\n|t:|1685546872\n|move|p1a: Lugia|Air Slash|p2a: Porygon2\n|-damage|p2a: Porygon2|105/274 psn\n|move|p2a: Porygon2|Recover|p2a: Porygon2\n|-heal|p2a: Porygon2|242/274 psn\n|\n|-damage|p2a: Porygon2|208/274 psn|[from] psn\n|upkeep\n|turn|26\n|\n|t:|1685546881\n|move|p1a: Lugia|Air Slash|p2a: Porygon2\n|-crit|p2a: Porygon2\n|-damage|p2a: Porygon2|145/274 psn\n|move|p2a: Porygon2|Tri Attack|p1a: Lugia\n|-activate|p1a: Lugia|move: Substitute|[damage]\n|\n|-damage|p2a: Porygon2|111/274 psn|[from] psn\n|upkeep\n|turn|27\n|inactive|Aadi256 has 150 seconds left.\n|\n|t:|1685546912\n|switch|p2a: Golisopod|Golisopod, L84, F|263/263\n|move|p1a: Lugia|Air Slash|p2a: Golisopod\n|-supereffective|p2a: Golisopod\n|-damage|p2a: Golisopod|147/263\n|\n|upkeep\n|turn|28\n|\n|t:|1685546922\n|move|p2a: Golisopod|First Impression|p1a: Lugia\n|-end|p1a: Lugia|Substitute\n|move|p1a: Lugia|Roost|p1a: Lugia\n|-heal|p1a: Lugia|279/279\n|-singleturn|p1a: Lugia|move: Roost\n|\n|upkeep\n|turn|29\n|inactive|Habib_SSJ2 has 150 seconds left.\n|inactive|Aadi256 has 150 seconds left.\n|\n|t:|1685546940\n|move|p1a: Lugia|Air Slash|p2a: Golisopod\n|-supereffective|p2a: Golisopod\n|-damage|p2a: Golisopod|31/263\n|-activate|p2a: Golisopod|ability: Emergency Exit\n|inactive|Aadi256 has 150 seconds left.\n|\n|t:|1685546945\n|switch|p2a: Glaceon|Glaceon, L88, F|258/258\n|-damage|p2a: Glaceon|194/258|[from] Stealth Rock\n|-status|p2a: Glaceon|tox\n|\n|-damage|p2a: Glaceon|178/258 tox|[from] psn\n|upkeep\n|turn|30\n|inactive|Aadi256 has 150 seconds left.\n|\n|t:|1685546958\n|move|p1a: Lugia|Substitute|p1a: Lugia\n|-start|p1a: Lugia|Substitute\n|-damage|p1a: Lugia|210/279\n|move|p2a: Glaceon|Freeze-Dry|p1a: Lugia\n|-supereffective|p1a: Lugia\n|-end|p1a: Lugia|Substitute\n|\n|-damage|p2a: Glaceon|146/258 tox|[from] psn\n|upkeep\n|turn|31\n|\n|t:|1685546968\n|move|p1a: Lugia|Substitute|p1a: Lugia\n|-start|p1a: Lugia|Substitute\n|-damage|p1a: Lugia|141/279\n|move|p2a: Glaceon|Freeze-Dry|p1a: Lugia\n|-supereffective|p1a: Lugia\n|-end|p1a: Lugia|Substitute\n|\n|-damage|p2a: Glaceon|98/258 tox|[from] psn\n|upkeep\n|turn|32\n|\n|t:|1685546976\n|move|p1a: Lugia|Roost|p1a: Lugia\n|-heal|p1a: Lugia|279/279\n|-singleturn|p1a: Lugia|move: Roost\n|move|p2a: Glaceon|Wish|p2a: Glaceon\n|\n|-damage|p2a: Glaceon|34/258 tox|[from] psn\n|upkeep\n|turn|33\n|\n|t:|1685546983\n|move|p1a: Lugia|Substitute|p1a: Lugia\n|-start|p1a: Lugia|Substitute\n|-damage|p1a: Lugia|210/279\n|move|p2a: Glaceon|Freeze-Dry|p1a: Lugia\n|-supereffective|p1a: Lugia\n|-end|p1a: Lugia|Substitute\n|\n|-heal|p2a: Glaceon|163/258 tox|[from] move: Wish|[wisher] Glaceon\n|-damage|p2a: Glaceon|83/258 tox|[from] psn\n|upkeep\n|turn|34\n|c|\u2606Aadi256|bruh i hate u\n|c|\u2606Habib_SSJ2|its not like i have much of a choice here\n|inactive|Aadi256 has 150 seconds left.\n|c|\u2606Habib_SSJ2|idk what uw ant me to do\n|\n|t:|1685547014\n|move|p1a: Lugia|Substitute|p1a: Lugia\n|-start|p1a: Lugia|Substitute\n|-damage|p1a: Lugia|141/279\n|move|p2a: Glaceon|Toxic||[still]\n|-fail|p2a: Glaceon\n|\n|-damage|p2a: Glaceon|0 fnt|[from] psn\n|faint|p2a: Glaceon\n|upkeep\n|\n|t:|1685547023\n|switch|p2a: Zacian|Zacian, L68|238/238\n|-damage|p2a: Zacian|209/238|[from] Stealth Rock\n|-status|p2a: Zacian|tox\n|-enditem|p2a: Zacian|Lum Berry|[eat]\n|-curestatus|p2a: Zacian|tox|[msg]\n|-ability|p2a: Zacian|Intrepid Sword|boost\n|-boost|p2a: Zacian|atk|1\n|turn|35\n|inactive|Aadi256 has 150 seconds left.\n|inactive|Habib_SSJ2 has 180 seconds left.\n|\n|t:|1685547045\n|move|p2a: Zacian|Crunch|p1a: Lugia\n|-supereffective|p1a: Lugia\n|-end|p1a: Lugia|Substitute\n|move|p1a: Lugia|Toxic|p2a: Zacian\n|-status|p2a: Zacian|tox\n|\n|-damage|p2a: Zacian|195/238 tox|[from] psn\n|upkeep\n|turn|36\n|inactive|Habib_SSJ2 has 180 seconds left.\n|\n|t:|1685547072\n|switch|p1a: Tentacruel|Tentacruel, L84, F|197/272\n|move|p2a: Zacian|Crunch|p1a: Tentacruel\n|-damage|p1a: Tentacruel|101/272\n|\n|-heal|p1a: Tentacruel|118/272|[from] item: Black Sludge\n|-damage|p2a: Zacian|167/238 tox|[from] psn\n|upkeep\n|turn|37\n|inactive|Aadi256 has 120 seconds left.\n|\n|t:|1685547119\n|switch|p2a: Porygon2|Porygon2, L82|111/274 psn\n|-damage|p2a: Porygon2|77/274 psn|[from] Stealth Rock\n|-ability|p2a: Porygon2|Clear Body|[from] ability: Trace|[of] p1a: Tentacruel\n|move|p1a: Tentacruel|Scald|p2a: Porygon2\n|-damage|p2a: Porygon2|26/274 psn\n|\n|-heal|p1a: Tentacruel|135/272|[from] item: Black Sludge\n|-damage|p2a: Porygon2|0 fnt|[from] psn\n|faint|p2a: Porygon2\n|upkeep\n|\n|t:|1685547131\n|switch|p2a: Decidueye|Decidueye, L86, F|274/274\n|-damage|p2a: Decidueye|240/274|[from] Stealth Rock\n|-status|p2a: Decidueye|tox\n|-enditem|p2a: Decidueye|Lum Berry|[eat]\n|-curestatus|p2a: Decidueye|tox|[msg]\n|turn|38\n|c|\u2606Habib_SSJ2|what the actual fuck\n|c|\u2606Habib_SSJ2|why do all your pokemon have lum berries\n|\n|t:|1685547149\n|move|p1a: Tentacruel|Knock Off|p2a: Decidueye\n|-supereffective|p2a: Decidueye\n|-damage|p2a: Decidueye|156/274\n|move|p2a: Decidueye|Swords Dance|p2a: Decidueye\n|-boost|p2a: Decidueye|atk|2\n|\n|-heal|p1a: Tentacruel|152/272|[from] item: Black Sludge\n|upkeep\n|turn|39\n|\n|t:|1685547158\n|move|p1a: Tentacruel|Knock Off|p2a: Decidueye\n|-supereffective|p2a: Decidueye\n|-damage|p2a: Decidueye|74/274\n|move|p2a: Decidueye|Roost|p2a: Decidueye\n|-heal|p2a: Decidueye|211/274\n|-singleturn|p2a: Decidueye|move: Roost\n|\n|-heal|p1a: Tentacruel|169/272|[from] item: Black Sludge\n|upkeep\n|turn|40\n|inactive|Aadi256 has 90 seconds left.\n|\n|t:|1685547183\n|move|p1a: Tentacruel|Knock Off|p2a: Decidueye\n|-supereffective|p2a: Decidueye\n|-damage|p2a: Decidueye|125/274\n|move|p2a: Decidueye|Leaf Blade|p1a: Tentacruel\n|-damage|p1a: Tentacruel|0 fnt\n|faint|p1a: Tentacruel\n|\n|upkeep\n|c|\u2606Aadi256|less goo\n|\n|t:|1685547192\n|switch|p1a: Lugia|Lugia, L74|141/279\n|turn|41\n|inactive|Habib_SSJ2 has 180 seconds left.\n|inactive|Aadi256 has 90 seconds left.\n|\n|t:|1685547229\n|move|p1a: Lugia|Roost|p1a: Lugia\n|-heal|p1a: Lugia|279/279\n|-singleturn|p1a: Lugia|move: Roost\n|move|p2a: Decidueye|Poltergeist|p1a: Lugia\n|-activate|p1a: Lugia|move: Poltergeist|Heavy-Duty Boots\n|-supereffective|p1a: Lugia\n|-damage|p1a: Lugia|60/279\n|\n|upkeep\n|turn|42\n|inactive|Habib_SSJ2 has 180 seconds left.\n|\n|t:|1685547246\n|move|p1a: Lugia|Air Slash|p2a: Decidueye\n|-supereffective|p2a: Decidueye\n|-damage|p2a: Decidueye|15/274\n|move|p2a: Decidueye|Poltergeist|p1a: Lugia\n|-activate|p1a: Lugia|move: Poltergeist|Heavy-Duty Boots\n|-supereffective|p1a: Lugia\n|-damage|p1a: Lugia|0 fnt\n|faint|p1a: Lugia\n|\n|win|Aadi256\n|c|\u2606Aadi256|ggs\n|c|\u2606Habib_SSJ2|man your luck is wild\n|c|\u2606Habib_SSJ2|gg\n", "inputlog": ">version d94486096666f9f03053a01e17a1c7fdbd408dfa\n>start {\"formatid\":\"gen8randombattle\",\"seed\":[21603,63437,47833,27043]}\n>player p1 {\"name\":\"Habib_SSJ2\",\"avatar\":\"gambler\",\"rating\":0,\"seed\":[43059,28281,15530,57579]}\n>player p2 {\"name\":\"Aadi256\",\"avatar\":\"shadowtriad\",\"rating\":0,\"seed\":[33380,45465,52058,54848]}\n>chat \u2606Aadi256|wth is that\n>p1 move substitute\n>p2 switch 5\n>p1 move bellydrum\n>p2 move earthpower\n>chat \u2606Aadi256|im scared\n>p1 move firepunch dynamax\n>p2 move hydropump\n>chat \u2606Aadi256|LMAOO\n>chat \u2606Habib_SSJ2|yea that wasnt the best move tbh\n>chat \u2606Aadi256|oof\n>p1 switch 6\n>p1 move sleeppowder\n>p2 move icebeam\n>chat \u2606Aadi256|oof\n>p1 move synthesis\n>p2 move icebeam\n>p1 move leafstorm\n>p2 move icebeam\n>p2 switch 2\n>p1 move sleeppowder\n>p2 move toxic\n>p1 switch 2\n>p2 move freezedry\n>p1 move stealthrock\n>p2 move freezedry\n>chat \u2606Habib_SSJ2|thats so annoying\n>chat \u2606Aadi256|lmao\n>p1 move bodypress\n>p2 move toxic\n>chat \u2606Aadi256|BRUH\n>chat \u2606Aadi256|WHY DIDNT U CHANG\n>p1 move bodypress\n>p2 move freezedry\n>p1 switch 2\n>p1 move sleeppowder\n>p2 move freezedry\n>p1 move sludgebomb\n>p2 move freezedry\n>chat \u2606Habib_SSJ2|bro wtf\n>chat \u2606Habib_SSJ2|is this luck\n>chat \u2606Aadi256|LMOAOO\n>chat \u2606Habib_SSJ2|its actually insane\n>chat \u2606Aadi256|OMG\n>p1 switch 5\n>p1 move knockoff\n>p2 move wish\n>p1 move knockoff\n>p2 move protect\n>p1 move knockoff\n>p2 move wish\n>p1 move toxicspikes\n>p2 move protect\n>chat \u2606Aadi256|oof\n>p1 move toxicspikes\n>p2 switch 6\n>p1 move scald\n>p2 move discharge\n>chat \u2606Aadi256|playy\n>p1 switch 4\n>p2 move discharge dynamax\n>p1 move protect\n>p2 move triattack dynamax\n>p1 move disable\n>p2 move triattack dynamax\n>chat \u2606Aadi256|LMAO\n>p1 switch 3\n>p1 move substitute\n>p2 move discharge\n>p1 move substitute\n>p2 move recover\n>p1 move airslash\n>p2 move recover\n>p1 move airslash\n>p2 move triattack\n>p1 move airslash\n>p2 switch 4\n>p1 move roost\n>p2 move firstimpression\n>p1 move airslash\n>p2 move knockoff\n>p2 switch 6\n>p1 move substitute\n>p2 move freezedry\n>p1 move substitute\n>p2 move freezedry\n>p1 move roost\n>p2 move wish\n>p1 move substitute\n>p2 move freezedry\n>chat \u2606Aadi256|bruh i hate u\n>chat \u2606Habib_SSJ2|its not like i have much of a choice here\n>chat \u2606Habib_SSJ2|idk what uw ant me to do\n>p1 move substitute\n>p2 move toxic\n>p2 switch 3\n>p1 move toxic\n>p2 move crunch\n>p1 switch 4\n>p2 move crunch\n>p1 move scald\n>p2 switch 4\n>p2 switch 5\n>chat \u2606Habib_SSJ2|what the actual fuck\n>chat \u2606Habib_SSJ2|why do all your pokemon have lum berries\n>p1 move knockoff\n>p2 move swordsdance\n>p1 move knockoff\n>p2 move roost\n>p1 move knockoff\n>p2 move leafblade\n>chat \u2606Aadi256|less goo\n>p1 switch 4\n>p1 move roost\n>p2 move poltergeist\n>p1 move airslash\n>p2 move poltergeist", "uploadtime": 1685547264, "views": 5, "p1id": "habibssj2", "p2id": "aadi256", "formatid": "gen8randombattle", "rating": 0, "private": 0, "password": ""}