{"id": "gen8randombattle-1872577806", "p1": "pokeblade\u2606101", "p2": "giogeth", "format": "[Gen 8] Random Battle", "log": "|j|\u2606pokeblade\u2606101\n|j|\u2606giogeth\n|t:|1685246638\n|gametype|singles\n|player|p1|pokeblade\u2606101|#rbtt6teamyveltal|\n|player|p2|giogeth|juggler|\n|teamsize|p1|6\n|teamsize|p2|6\n|gen|8\n|tier|[Gen 8] Random Battle\n|rated|Tournament battle\n|rule|Species Clause: Limit one of each Pok\u00e9mon\n|rule|HP Percentage Mod: HP is shown in percentages\n|rule|Sleep Clause Mod: Limit one foe put to sleep\n|\n|t:|1685246638\n|start\n|switch|p1a: Dugtrio|Dugtrio, L82, F|192/192\n|switch|p2a: Kyogre|Kyogre, L72|263/263\n|-weather|RainDance|[from] ability: Drizzle|[of] p2a: Kyogre\n|turn|1\n|j| zhoguo\n|c|\u2606giogeth|hello\n|c|\u2606giogeth|glhf\n|\n|t:|1685246661\n|move|p1a: Dugtrio|Earthquake|p2a: Kyogre\n|-damage|p2a: Kyogre|94/263\n|move|p2a: Kyogre|Ice Beam|p1a: Dugtrio\n|-supereffective|p1a: Dugtrio\n|-damage|p1a: Dugtrio|24/192\n|\n|-weather|RainDance|[upkeep]\n|-heal|p2a: Kyogre|110/263|[from] item: Leftovers\n|upkeep\n|turn|2\n|c|\u2606giogeth|have no idea how i got here\n|\n|t:|1685246674\n|move|p1a: Dugtrio|Earthquake|p2a: Kyogre\n|-damage|p2a: Kyogre|0 fnt\n|faint|p2a: Kyogre\n|\n|-weather|RainDance|[upkeep]\n|upkeep\n|\n|t:|1685246682\n|switch|p2a: Noctowl|Noctowl, L88, M|319/319\n|turn|3\n|\n|t:|1685246695\n|switch|p1a: Ninetales|Ninetales, L82, F|254/254\n|-weather|SunnyDay|[from] ability: Drought|[of] p1a: Ninetales\n|switch|p2a: Sandaconda|Sandaconda, L84, F|258/258\n|\n|-weather|SunnyDay|[upkeep]\n|upkeep\n|turn|4\n|j| Randbatsacc344\n|l| Randbatsacc344\n|\n|t:|1685246710\n|switch|p1a: Druddigon|Druddigon, L84, F|267/267\n|move|p2a: Sandaconda|Stone Edge|p1a: Druddigon\n|-damage|p1a: Druddigon|196/267\n|\n|-weather|SunnyDay|[upkeep]\n|upkeep\n|turn|5\n|\n|t:|1685246724\n|move|p2a: Sandaconda|Coil|p2a: Sandaconda\n|-boost|p2a: Sandaconda|atk|1\n|-boost|p2a: Sandaconda|def|1\n|-boost|p2a: Sandaconda|accuracy|1\n|move|p1a: Druddigon|Outrage|p2a: Sandaconda\n|-damage|p2a: Sandaconda|155/258\n|-damage|p1a: Druddigon|170/267|[from] item: Life Orb\n|\n|-weather|SunnyDay|[upkeep]\n|-heal|p2a: Sandaconda|171/258|[from] item: Leftovers\n|upkeep\n|turn|6\n|\n|t:|1685246738\n|move|p2a: Sandaconda|Coil|p2a: Sandaconda\n|-boost|p2a: Sandaconda|atk|1\n|-boost|p2a: Sandaconda|def|1\n|-boost|p2a: Sandaconda|accuracy|1\n|move|p1a: Druddigon|Outrage|p2a: Sandaconda|[from]lockedmove\n|-damage|p2a: Sandaconda|100/258\n|-damage|p1a: Druddigon|144/267|[from] item: Life Orb\n|-start|p1a: Druddigon|confusion|[fatigue]\n|\n|-weather|SunnyDay|[upkeep]\n|-heal|p2a: Sandaconda|116/258|[from] item: Leftovers\n|upkeep\n|turn|7\n|\n|t:|1685246750\n|move|p2a: Sandaconda|Rest|p2a: Sandaconda\n|-status|p2a: Sandaconda|slp|[from] move: Rest\n|-heal|p2a: Sandaconda|258/258 slp|[silent]\n|-activate|p1a: Druddigon|confusion\n|move|p1a: Druddigon|Glare||[still]\n|-fail|p1a: Druddigon\n|\n|-weather|none\n|upkeep\n|turn|8\n|\n|t:|1685246760\n|switch|p1a: Sharpedo|Sharpedo, L82, M|249/249\n|cant|p2a: Sandaconda|slp\n|\n|upkeep\n|turn|9\n|\n|t:|1685246777\n|move|p1a: Sharpedo|Hydro Pump|p2a: Sandaconda\n|-supereffective|p2a: Sandaconda\n|-damage|p2a: Sandaconda|0 fnt\n|faint|p2a: Sandaconda\n|-damage|p1a: Sharpedo|225/249|[from] item: Life Orb\n|\n|-ability|p1a: Sharpedo|Speed Boost|boost\n|-boost|p1a: Sharpedo|spe|1\n|upkeep\n|\n|t:|1685246791\n|switch|p2a: Naganadel|Naganadel, L74|230/230\n|turn|10\n|\n|t:|1685246829\n|move|p1a: Sharpedo|Crunch|p2a: Naganadel\n|-damage|p2a: Naganadel|66/230\n|-damage|p1a: Sharpedo|201/249|[from] item: Life Orb\n|move|p2a: Naganadel|Nasty Plot|p2a: Naganadel\n|-boost|p2a: Naganadel|spa|2\n|\n|-ability|p1a: Sharpedo|Speed Boost|boost\n|-boost|p1a: Sharpedo|spe|1\n|upkeep\n|turn|11\n|\n|t:|1685246841\n|move|p1a: Sharpedo|Crunch|p2a: Naganadel\n|-damage|p2a: Naganadel|0 fnt\n|faint|p2a: Naganadel\n|-damage|p1a: Sharpedo|177/249|[from] item: Life Orb\n|\n|-ability|p1a: Sharpedo|Speed Boost|boost\n|-boost|p1a: Sharpedo|spe|1\n|upkeep\n|\n|t:|1685246857\n|switch|p2a: Indeedee|Indeedee-F, L85, F|258/258\n|-fieldstart|move: Psychic Terrain|[from] ability: Psychic Surge|[of] p2a: Indeedee\n|turn|12\n|\n|t:|1685246869\n|move|p1a: Sharpedo|Protect|p1a: Sharpedo\n|-singleturn|p1a: Sharpedo|Protect\n|move|p2a: Indeedee|Hyper Voice|p1a: Sharpedo\n|-activate|p1a: Sharpedo|move: Protect\n|\n|-ability|p1a: Sharpedo|Speed Boost|boost\n|-boost|p1a: Sharpedo|spe|1\n|upkeep\n|turn|13\n|\n|t:|1685246873\n|move|p1a: Sharpedo|Crunch|p2a: Indeedee\n|-supereffective|p2a: Indeedee\n|-damage|p2a: Indeedee|0 fnt\n|faint|p2a: Indeedee\n|-damage|p1a: Sharpedo|153/249|[from] item: Life Orb\n|\n|-ability|p1a: Sharpedo|Speed Boost|boost\n|-boost|p1a: Sharpedo|spe|1\n|upkeep\n|\n|t:|1685246882\n|switch|p2a: Shuckle|Shuckle, L87, M|177/177\n|turn|14\n|\n|t:|1685246891\n|move|p1a: Sharpedo|Hydro Pump|p2a: Shuckle\n|-supereffective|p2a: Shuckle\n|-damage|p2a: Shuckle|57/177\n|-damage|p1a: Sharpedo|129/249|[from] item: Life Orb\n|move|p2a: Shuckle|Sticky Web|p1a: Sharpedo\n|-sidestart|p1: pokeblade\u2606101|move: Sticky Web\n|\n|-ability|p1a: Sharpedo|Speed Boost|boost\n|-boost|p1a: Sharpedo|spe|1\n|upkeep\n|turn|15\n|\n|t:|1685246901\n|move|p1a: Sharpedo|Hydro Pump|p2a: Shuckle\n|-supereffective|p2a: Shuckle\n|-damage|p2a: Shuckle|0 fnt\n|faint|p2a: Shuckle\n|-damage|p1a: Sharpedo|105/249|[from] item: Life Orb\n|\n|upkeep\n|\n|t:|1685246908\n|switch|p2a: Noctowl|Noctowl, L88, M|319/319\n|turn|16\n|\n|t:|1685246912\n|move|p1a: Sharpedo|Crunch|p2a: Noctowl\n|-damage|p2a: Noctowl|144/319\n|-damage|p1a: Sharpedo|81/249|[from] item: Life Orb\n|move|p2a: Noctowl|Hurricane|p1a: Sharpedo|[miss]\n|-miss|p2a: Noctowl|p1a: Sharpedo\n|\n|-fieldend|move: Psychic Terrain\n|upkeep\n|turn|17\n|\n|t:|1685246922\n|-start|p2a: Noctowl|Dynamax|\n|-heal|p2a: Noctowl|288/638|[silent]\n|move|p1a: Sharpedo|Crunch|p2a: Noctowl\n|-crit|p2a: Noctowl\n|-damage|p2a: Noctowl|29/638\n|-damage|p1a: Sharpedo|57/249|[from] item: Life Orb\n|move|p2a: Noctowl|Max Airstream|p1a: Sharpedo\n|-damage|p1a: Sharpedo|0 fnt\n|-boost|p2a: Noctowl|spe|1\n|faint|p1a: Sharpedo\n|\n|upkeep\n|\n|t:|1685246932\n|switch|p1a: Dedenne|Dedenne, L87, F|258/258\n|-activate|p1a: Dedenne|move: Sticky Web\n|-unboost|p1a: Dedenne|spe|1\n|turn|18\n|\n|t:|1685246942\n|-start|p1a: Dedenne|Dynamax|\n|-heal|p1a: Dedenne|516/516|[silent]\n|move|p2a: Noctowl|Max Flare|p1a: Dedenne\n|-damage|p1a: Dedenne|406/516\n|-weather|SunnyDay\n|move|p1a: Dedenne|Max Lightning|p2a: Noctowl\n|-supereffective|p2a: Noctowl\n|-damage|p2a: Noctowl|0 fnt\n|-fieldstart|move: Electric Terrain\n|faint|p2a: Noctowl\n|\n|win|pokeblade\u2606101\n|n|\u2606pokeblade\u2606101|pokeblade101\n|n|\u2606giogeth|giogeth\n|n| zhoguo|zhoguo\n", "inputlog": ">version d74822bbc74c095aa312053f7034baee3068d99e\n>start {\"formatid\":\"gen8randombattle\",\"seed\":[24563,43546,23304,14199],\"rated\":\"Tournament battle\"}\n>player p1 {\"name\":\"pokeblade\u2606101\",\"avatar\":\"#rbtt6teamyveltal\",\"rating\":0,\"seed\":[43992,33903,56234,28024]}\n>player p2 {\"name\":\"giogeth\",\"avatar\":\"juggler\",\"rating\":0,\"seed\":[51571,55670,42893,63057]}\n>chat \u2606giogeth|hello\n>chat \u2606giogeth|glhf\n>p1 move earthquake\n>p2 move icebeam\n>chat \u2606giogeth|have no idea how i got here\n>p1 move earthquake\n>p2 move originpulse\n>p2 switch 3\n>p1 switch 3\n>p2 switch 6\n>p1 switch 4\n>p2 move stoneedge\n>p1 move outrage\n>p2 move coil\n>p1 move outrage\n>p2 move coil\n>p1 move glare\n>p2 move rest\n>p1 switch 5\n>p2 move earthquake\n>p1 move hydropump\n>p2 move earthquake\n>p2 switch 5\n>p1 move crunch\n>p2 move nastyplot\n>p1 move crunch\n>p2 move sludgewave\n>p2 switch 2\n>p1 move protect\n>p2 move hypervoice\n>p1 move crunch\n>p2 move hypervoice\n>p2 switch 4\n>p1 move hydropump\n>p2 move stickyweb\n>p1 move hydropump\n>p2 move knockoff\n>p2 switch 6\n>p1 move crunch\n>p2 move hurricane\n>p1 move crunch\n>p2 move hurricane dynamax\n>p1 switch 2\n>p1 move thunderbolt dynamax\n>p2 move heatwave dynamax", "uploadtime": 1685246943, "views": 3, "p1id": "pokeblade101", "p2id": "giogeth", "formatid": "gen8randombattle", "rating": 0, "private": 0, "password": ""}