|j|☆MushroomButPokemon
|j|☆KeanuVGC
|t:|1685315233
|gametype|singles
|player|p1|MushroomButPokemon|2|
|player|p2|KeanuVGC|serena-masters3|
|teamsize|p1|6
|teamsize|p2|6
|gen|8
|tier|[Gen 8] Random Battle
|rule|Species Clause: Limit one of each Pokémon
|rule|HP Percentage Mod: HP is shown in percentages
|rule|Sleep Clause Mod: Limit one foe put to sleep
|
|t:|1685315233
|start
|switch|p1a: Persian|Persian-Alola, L82, F|241/241
|switch|p2a: Toxapex|Toxapex, L82, F|216/216
|turn|1
|c|☆KeanuVGC|glhf
|inactive|Battle timer is ON: inactive players will automatically lose when time's up. (requested by KeanuVGC)
|
|t:|1685315260
|move|p2a: Toxapex|Baneful Bunker|p2a: Toxapex
|-singleturn|p2a: Toxapex|move: Protect
|move|p1a: Persian|Nasty Plot|p1a: Persian
|-boost|p1a: Persian|spa|2
|
|upkeep
|turn|2
|
|t:|1685315267
|move|p1a: Persian|Thunderbolt|p2a: Toxapex
|-supereffective|p2a: Toxapex
|-damage|p2a: Toxapex|86/216
|move|p2a: Toxapex|Scald|p1a: Persian
|-damage|p1a: Persian|175/241
|
|-heal|p2a: Toxapex|99/216|[from] item: Black Sludge
|upkeep
|turn|3
|
|t:|1685315275
|switch|p2a: Garbodor|Garbodor, L87, F|281/281
|move|p1a: Persian|Thunderbolt|p2a: Garbodor
|-damage|p2a: Garbodor|180/281
|
|-heal|p2a: Garbodor|197/281|[from] item: Black Sludge
|upkeep
|turn|4
|
|t:|1685315284
|move|p1a: Persian|Hypnosis|p2a: Garbodor|[miss]
|-miss|p1a: Persian|p2a: Garbodor
|move|p2a: Garbodor|Toxic Spikes|p1a: Persian
|-sidestart|p1: MushroomButPokemon|move: Toxic Spikes
|
|-heal|p2a: Garbodor|214/281|[from] item: Black Sludge
|upkeep
|turn|5
|
|t:|1685315310
|move|p1a: Persian|Hypnosis|p2a: Garbodor
|-status|p2a: Garbodor|slp|[from] move: Hypnosis
|cant|p2a: Garbodor|slp
|
|-heal|p2a: Garbodor|231/281 slp|[from] item: Black Sludge
|upkeep
|turn|6
|
|t:|1685315315
|move|p1a: Persian|Dark Pulse|p2a: Garbodor
|-damage|p2a: Garbodor|92/281 slp
|cant|p2a: Garbodor|slp
|
|-heal|p2a: Garbodor|109/281 slp|[from] item: Black Sludge
|upkeep
|turn|7
|
|t:|1685315327
|move|p1a: Persian|Dark Pulse|p2a: Garbodor
|-damage|p2a: Garbodor|0 fnt
|faint|p2a: Garbodor
|
|upkeep
|inactive|KeanuVGC has 270 seconds left.
|
|t:|1685315357
|switch|p2a: Octillery|Octillery, L86, F|269/269
|turn|8
|
|t:|1685315364
|move|p2a: Octillery|Protect|p2a: Octillery
|-singleturn|p2a: Octillery|Protect
|move|p1a: Persian|Thunderbolt|p2a: Octillery
|-activate|p2a: Octillery|move: Protect
|
|-ability|p2a: Octillery|Moody|boost
|-boost|p2a: Octillery|def|2
|-unboost|p2a: Octillery|atk|1
|upkeep
|turn|9
|
|t:|1685315372
|move|p1a: Persian|Thunderbolt|p2a: Octillery
|-supereffective|p2a: Octillery
|-damage|p2a: Octillery|41/269
|move|p2a: Octillery|Hydro Pump|p1a: Persian
|-damage|p1a: Persian|1/241
|
|-heal|p2a: Octillery|57/269|[from] item: Leftovers
|-ability|p2a: Octillery|Moody|boost
|-boost|p2a: Octillery|spa|2
|-unboost|p2a: Octillery|spd|1
|upkeep
|turn|10
|
|t:|1685315382
|move|p2a: Octillery|Protect|p2a: Octillery
|-singleturn|p2a: Octillery|Protect
|move|p1a: Persian|Dark Pulse|p2a: Octillery
|-activate|p2a: Octillery|move: Protect
|
|-heal|p2a: Octillery|73/269|[from] item: Leftovers
|-ability|p2a: Octillery|Moody|boost
|-boost|p2a: Octillery|spe|2
|-unboost|p2a: Octillery|spd|1
|upkeep
|turn|11
|
|t:|1685315386
|move|p2a: Octillery|Ice Beam|p1a: Persian
|-damage|p1a: Persian|0 fnt
|faint|p1a: Persian
|
|-heal|p2a: Octillery|89/269|[from] item: Leftovers
|-ability|p2a: Octillery|Moody|boost
|-boost|p2a: Octillery|spd|2
|-unboost|p2a: Octillery|atk|1
|upkeep
|
|t:|1685315396
|switch|p1a: Gothitelle|Gothitelle, L86, F|261/261
|-status|p1a: Gothitelle|psn
|turn|12
|
|t:|1685315400
|move|p2a: Octillery|Protect|p2a: Octillery
|-singleturn|p2a: Octillery|Protect
|move|p1a: Gothitelle|Thunderbolt|p2a: Octillery
|-activate|p2a: Octillery|move: Protect
|
|-heal|p2a: Octillery|105/269|[from] item: Leftovers
|-damage|p1a: Gothitelle|229/261 psn|[from] psn
|-ability|p2a: Octillery|Moody|boost
|-boost|p2a: Octillery|spa|2
|-unboost|p2a: Octillery|spd|1
|upkeep
|turn|13
|
|t:|1685315406
|move|p2a: Octillery|Hydro Pump|p1a: Gothitelle|[miss]
|-miss|p2a: Octillery|p1a: Gothitelle
|move|p1a: Gothitelle|Thunderbolt|p2a: Octillery
|-supereffective|p2a: Octillery
|-damage|p2a: Octillery|0 fnt
|faint|p2a: Octillery
|
|-heal|p1a: Gothitelle|245/261 psn|[from] item: Leftovers
|-damage|p1a: Gothitelle|213/261 psn|[from] psn
|upkeep
|
|t:|1685315429
|switch|p2a: Wobbuffet|Wobbuffet, L92, M|499/499
|turn|14
|
|t:|1685315433
|move|p1a: Gothitelle|Nasty Plot|p1a: Gothitelle
|-boost|p1a: Gothitelle|spa|2
|move|p2a: Wobbuffet|Mirror Coat||[still]
|-fail|p2a: Wobbuffet
|
|-heal|p1a: Gothitelle|229/261 psn|[from] item: Leftovers
|-damage|p1a: Gothitelle|197/261 psn|[from] psn
|upkeep
|turn|15
|
|t:|1685315436
|move|p1a: Gothitelle|Nasty Plot|p1a: Gothitelle
|-boost|p1a: Gothitelle|spa|2
|move|p2a: Wobbuffet|Encore|p1a: Gothitelle
|-start|p1a: Gothitelle|Encore
|
|-heal|p1a: Gothitelle|213/261 psn|[from] item: Leftovers
|-damage|p1a: Gothitelle|181/261 psn|[from] psn
|upkeep
|turn|16
|
|t:|1685315444
|switch|p2a: Froslass|Froslass, L84, F|255/255
|-start|p1a: Gothitelle|Dynamax|
|-heal|p1a: Gothitelle|362/522 psn|[silent]
|move|p1a: Gothitelle|Max Phantasm|p2a: Froslass
|-supereffective|p2a: Froslass
|-damage|p2a: Froslass|0 fnt
|faint|p2a: Froslass
|
|-heal|p1a: Gothitelle|378/522 psn|[from] item: Leftovers
|-damage|p1a: Gothitelle|346/522 psn|[from] psn
|upkeep
|
|t:|1685315455
|switch|p2a: Greedent|Greedent, L84, F|339/339
|turn|17
|
|t:|1685315459
|move|p1a: Gothitelle|Max Mindstorm|p2a: Greedent
|-damage|p2a: Greedent|0 fnt
|-fieldstart|move: Psychic Terrain
|faint|p2a: Greedent
|
|-heal|p1a: Gothitelle|362/522 psn|[from] item: Leftovers
|-damage|p1a: Gothitelle|330/522 psn|[from] psn
|upkeep
|
|t:|1685315462
|switch|p2a: Wobbuffet|Wobbuffet, L92, M|499/499
|turn|18
|
|t:|1685315464
|move|p1a: Gothitelle|Max Phantasm|p2a: Wobbuffet
|-supereffective|p2a: Wobbuffet
|-crit|p2a: Wobbuffet
|-damage|p2a: Wobbuffet|0 fnt
|faint|p2a: Wobbuffet
|
|-heal|p1a: Gothitelle|346/522 psn|[from] item: Leftovers
|-damage|p1a: Gothitelle|314/522 psn|[from] psn
|-end|p1a: Gothitelle|Encore
|upkeep
|
|t:|1685315467
|switch|p2a: Toxapex|Toxapex, L82, F|171/216
|-end|p1a: Gothitelle|Dynamax
|-heal|p1a: Gothitelle|157/261 psn|[silent]
|turn|19
|-message|KeanuVGC forfeited.
|
|win|MushroomButPokemon
