|j|☆MateoV2.6
|j|☆Kazik007
|t:|1683808747
|gametype|singles
|player|p1|MateoV2.6|chili|
|player|p2|Kazik007|1|
|teamsize|p1|6
|teamsize|p2|6
|gen|8
|tier|[Gen 8] Random Battle
|rule|Species Clause: Limit one of each Pokémon
|rule|HP Percentage Mod: HP is shown in percentages
|rule|Sleep Clause Mod: Limit one foe put to sleep
|
|t:|1683808747
|start
|switch|p1a: Maractus|Maractus, L95, M|296/296
|switch|p2a: Poliwrath|Poliwrath, L84, F|288/288
|turn|1
|
|t:|1683808761
|move|p1a: Maractus|Spiky Shield|p1a: Maractus
|-singleturn|p1a: Maractus|move: Protect
|move|p2a: Poliwrath|Liquidation|p1a: Maractus
|-activate|p1a: Maractus|move: Protect
|-damage|p2a: Poliwrath|252/288|[from] Spiky Shield|[of] p1a: Maractus
|
|upkeep
|turn|2
|
|t:|1683808770
|move|p1a: Maractus|Leech Seed|p2a: Poliwrath
|-start|p2a: Poliwrath|move: Leech Seed
|move|p2a: Poliwrath|Rain Dance|p2a: Poliwrath
|-weather|RainDance
|
|-weather|RainDance|[upkeep]
|-damage|p2a: Poliwrath|216/288|[from] Leech Seed|[of] p1a: Maractus
|upkeep
|turn|3
|
|t:|1683808783
|move|p2a: Poliwrath|Darkest Lariat|p1a: Maractus
|-damage|p1a: Maractus|212/296
|-damage|p2a: Poliwrath|188/288|[from] item: Life Orb
|move|p1a: Maractus|Energy Ball|p2a: Poliwrath
|-supereffective|p2a: Poliwrath
|-damage|p2a: Poliwrath|0 fnt
|faint|p2a: Poliwrath
|
|-weather|RainDance|[upkeep]
|upkeep
|
|t:|1683808789
|switch|p2a: Zapdos|Zapdos, L78|268/268
|turn|4
|
|t:|1683808793
|move|p2a: Zapdos|Discharge|p1a: Maractus
|-resisted|p1a: Maractus
|-damage|p1a: Maractus|161/296
|-status|p1a: Maractus|par
|move|p1a: Maractus|Toxic|p2a: Zapdos
|-status|p2a: Zapdos|tox
|
|-weather|RainDance|[upkeep]
|-damage|p2a: Zapdos|252/268 tox|[from] psn
|upkeep
|turn|5
|
|t:|1683808798
|move|p1a: Maractus|Spiky Shield|p1a: Maractus
|-singleturn|p1a: Maractus|move: Protect
|move|p2a: Zapdos|Heat Wave|p1a: Maractus
|-activate|p1a: Maractus|move: Protect
|
|-weather|RainDance|[upkeep]
|-damage|p2a: Zapdos|220/268 tox|[from] psn
|upkeep
|turn|6
|
|t:|1683808810
|switch|p1a: Groudon|Groudon, L73|266/266
|-weather|SunnyDay|[from] ability: Drought|[of] p1a: Groudon
|move|p2a: Zapdos|Heat Wave|p1a: Groudon
|-damage|p1a: Groudon|148/266
|
|-weather|SunnyDay|[upkeep]
|-damage|p2a: Zapdos|172/268 tox|[from] psn
|upkeep
|turn|7
|
|t:|1683808824
|move|p2a: Zapdos|Heat Wave|p1a: Groudon
|-damage|p1a: Groudon|30/266
|move|p1a: Groudon|Stone Edge|p2a: Zapdos
|-supereffective|p2a: Zapdos
|-damage|p2a: Zapdos|0 fnt
|faint|p2a: Zapdos
|
|-weather|SunnyDay|[upkeep]
|upkeep
|
|t:|1683808828
|switch|p2a: Weezing|Weezing, L86, M|252/252
|-ability|p2a: Weezing|Neutralizing Gas
|turn|8
|
|t:|1683808836
|move|p1a: Groudon|Stone Edge|p2a: Weezing
|-damage|p2a: Weezing|164/252
|move|p2a: Weezing|Fire Blast|p1a: Groudon
|-damage|p1a: Groudon|0 fnt
|faint|p1a: Groudon
|
|-weather|SunnyDay|[upkeep]
|-heal|p2a: Weezing|179/252|[from] item: Black Sludge
|upkeep
|
|t:|1683808853
|switch|p1a: Ninetales|Ninetales-Alola, L79, M|245/245
|turn|9
|
|t:|1683808864
|move|p1a: Ninetales|Freeze-Dry|p2a: Weezing
|-damage|p2a: Weezing|116/252
|move|p2a: Weezing|Fire Blast|p1a: Ninetales
|-supereffective|p1a: Ninetales
|-damage|p1a: Ninetales|27/245
|
|-weather|SunnyDay|[upkeep]
|-heal|p2a: Weezing|131/252|[from] item: Black Sludge
|upkeep
|turn|10
|
|t:|1683808876
|move|p1a: Ninetales|Freeze-Dry|p2a: Weezing
|-crit|p2a: Weezing
|-damage|p2a: Weezing|38/252
|move|p2a: Weezing|Fire Blast|p1a: Ninetales
|-supereffective|p1a: Ninetales
|-damage|p1a: Ninetales|0 fnt
|faint|p1a: Ninetales
|
|-weather|none
|-heal|p2a: Weezing|53/252|[from] item: Black Sludge
|upkeep
|
|t:|1683808882
|switch|p1a: Chansey|Chansey, L84, F|557/557
|turn|11
|
|t:|1683808888
|move|p2a: Weezing|Fire Blast|p1a: Chansey
|-damage|p1a: Chansey|517/557
|move|p1a: Chansey|Seismic Toss|p2a: Weezing
|-damage|p2a: Weezing|0 fnt
|faint|p2a: Weezing
|-end|p2a: Weezing|ability: Neutralizing Gas
|
|upkeep
|
|t:|1683808896
|switch|p2a: Cloyster|Cloyster, L80, M|211/211
|turn|12
|
|t:|1683808901
|move|p2a: Cloyster|Explosion|p1a: Chansey
|-damage|p1a: Chansey|131/557
|faint|p2a: Cloyster
|move|p1a: Chansey|Toxic|p2: Cloyster|[notarget]
|-fail|p1a: Chansey
|
|upkeep
|
|t:|1683808905
|switch|p2a: Avalugg|Avalugg, L86, M|303/303
|turn|13
|
|t:|1683808911
|move|p1a: Chansey|Soft-Boiled|p1a: Chansey
|-heal|p1a: Chansey|410/557
|move|p2a: Avalugg|Avalanche|p1a: Chansey
|-damage|p1a: Chansey|223/557
|
|upkeep
|turn|14
|
|t:|1683808917
|move|p1a: Chansey|Soft-Boiled|p1a: Chansey
|-heal|p1a: Chansey|502/557
|move|p2a: Avalugg|Body Press|p1a: Chansey
|-supereffective|p1a: Chansey
|-damage|p1a: Chansey|22/557
|
|upkeep
|turn|15
|
|t:|1683808924
|move|p1a: Chansey|Seismic Toss|p2a: Avalugg
|-damage|p2a: Avalugg|219/303
|move|p2a: Avalugg|Recover|p2a: Avalugg
|-heal|p2a: Avalugg|303/303
|
|upkeep
|turn|16
|
|t:|1683808932
|move|p1a: Chansey|Toxic|p2a: Avalugg
|-status|p2a: Avalugg|tox
|move|p2a: Avalugg|Body Press|p1a: Chansey
|-supereffective|p1a: Chansey
|-damage|p1a: Chansey|0 fnt
|faint|p1a: Chansey
|
|-damage|p2a: Avalugg|285/303 tox|[from] psn
|upkeep
|
|t:|1683808953
|switch|p1a: Glalie|Glalie, L80, M|259/259
|turn|17
|
|t:|1683808973
|move|p1a: Glalie|Earthquake|p2a: Avalugg
|-damage|p2a: Avalugg|255/303 tox
|move|p2a: Avalugg|Body Press|p1a: Glalie
|-supereffective|p1a: Glalie
|-damage|p1a: Glalie|45/259
|
|-heal|p1a: Glalie|61/259|[from] item: Leftovers
|-heal|p2a: Avalugg|273/303 tox|[from] item: Leftovers
|-damage|p2a: Avalugg|237/303 tox|[from] psn
|-ability|p1a: Glalie|Moody|boost
|-boost|p1a: Glalie|spd|2
|-unboost|p1a: Glalie|spe|1
|upkeep
|turn|18
|
|t:|1683808990
|move|p1a: Glalie|Protect|p1a: Glalie
|-singleturn|p1a: Glalie|Protect
|move|p2a: Avalugg|Body Press|p1a: Glalie
|-activate|p1a: Glalie|move: Protect
|
|-heal|p1a: Glalie|77/259|[from] item: Leftovers
|-heal|p2a: Avalugg|255/303 tox|[from] item: Leftovers
|-damage|p2a: Avalugg|201/303 tox|[from] psn
|-ability|p1a: Glalie|Moody|boost
|-boost|p1a: Glalie|spe|2
|-unboost|p1a: Glalie|def|1
|upkeep
|turn|19
|
|t:|1683808996
|move|p1a: Glalie|Substitute|p1a: Glalie
|-start|p1a: Glalie|Substitute
|-damage|p1a: Glalie|13/259
|move|p2a: Avalugg|Curse|p2a: Avalugg
|-unboost|p2a: Avalugg|spe|1
|-boost|p2a: Avalugg|atk|1
|-boost|p2a: Avalugg|def|1
|
|-heal|p1a: Glalie|29/259|[from] item: Leftovers
|-heal|p2a: Avalugg|219/303 tox|[from] item: Leftovers
|-damage|p2a: Avalugg|147/303 tox|[from] psn
|-ability|p1a: Glalie|Moody|boost
|-boost|p1a: Glalie|atk|2
|-unboost|p1a: Glalie|spe|1
|upkeep
|turn|20
|
|t:|1683809012
|move|p1a: Glalie|Protect|p1a: Glalie
|-singleturn|p1a: Glalie|Protect
|move|p2a: Avalugg|Body Press|p1a: Glalie
|-activate|p1a: Glalie|move: Protect
|
|-heal|p1a: Glalie|45/259|[from] item: Leftovers
|-heal|p2a: Avalugg|165/303 tox|[from] item: Leftovers
|-damage|p2a: Avalugg|75/303 tox|[from] psn
|-ability|p1a: Glalie|Moody|boost
|-boost|p1a: Glalie|def|2
|-unboost|p1a: Glalie|spd|1
|upkeep
|turn|21
|
|t:|1683809030
|move|p1a: Glalie|Freeze-Dry|p2a: Avalugg
|-resisted|p2a: Avalugg
|-damage|p2a: Avalugg|27/303 tox
|move|p2a: Avalugg|Recover|p2a: Avalugg
|-heal|p2a: Avalugg|179/303 tox
|
|-heal|p1a: Glalie|61/259|[from] item: Leftovers
|-heal|p2a: Avalugg|197/303 tox|[from] item: Leftovers
|-damage|p2a: Avalugg|89/303 tox|[from] psn
|-ability|p1a: Glalie|Moody|boost
|-boost|p1a: Glalie|spe|2
|-unboost|p1a: Glalie|spd|1
|upkeep
|turn|22
|
|t:|1683809044
|move|p1a: Glalie|Protect|p1a: Glalie
|-singleturn|p1a: Glalie|Protect
|move|p2a: Avalugg|Recover|p2a: Avalugg
|-heal|p2a: Avalugg|241/303 tox
|
|-heal|p1a: Glalie|77/259|[from] item: Leftovers
|-heal|p2a: Avalugg|259/303 tox|[from] item: Leftovers
|-damage|p2a: Avalugg|133/303 tox|[from] psn
|-ability|p1a: Glalie|Moody|boost
|-boost|p1a: Glalie|atk|2
|-unboost|p1a: Glalie|spe|1
|upkeep
|turn|23
|
|t:|1683809062
|move|p1a: Glalie|Earthquake|p2a: Avalugg
|-damage|p2a: Avalugg|71/303 tox
|move|p2a: Avalugg|Recover|p2a: Avalugg
|-heal|p2a: Avalugg|223/303 tox
|
|-heal|p1a: Glalie|93/259|[from] item: Leftovers
|-heal|p2a: Avalugg|241/303 tox|[from] item: Leftovers
|-damage|p2a: Avalugg|97/303 tox|[from] psn
|-ability|p1a: Glalie|Moody|boost
|-boost|p1a: Glalie|spe|2
|-unboost|p1a: Glalie|def|1
|upkeep
|turn|24
|
|t:|1683809081
|move|p1a: Glalie|Protect|p1a: Glalie
|-singleturn|p1a: Glalie|Protect
|move|p2a: Avalugg|Body Press|p1a: Glalie
|-activate|p1a: Glalie|move: Protect
|
|-heal|p1a: Glalie|109/259|[from] item: Leftovers
|-heal|p2a: Avalugg|115/303 tox|[from] item: Leftovers
|-damage|p2a: Avalugg|0 fnt|[from] psn
|faint|p2a: Avalugg
|-ability|p1a: Glalie|Moody|boost
|-boost|p1a: Glalie|atk|2
|-unboost|p1a: Glalie|def|1
|upkeep
|
|t:|1683809091
|switch|p2a: Cresselia|Cresselia, L80, F|323/323
|turn|25
|
|t:|1683809101
|move|p1a: Glalie|Freeze-Dry|p2a: Cresselia
|-damage|p2a: Cresselia|280/323
|move|p2a: Cresselia|Moonlight|p2a: Cresselia
|-heal|p2a: Cresselia|323/323
|
|-heal|p1a: Glalie|125/259|[from] item: Leftovers
|-ability|p1a: Glalie|Moody|boost
|-boost|p1a: Glalie|def|2
|-unboost|p1a: Glalie|spd|1
|upkeep
|turn|26
|
|t:|1683809113
|move|p1a: Glalie|Earthquake|p2a: Cresselia
|-immune|p2a: Cresselia|[from] ability: Levitate
|move|p2a: Cresselia|Moonlight|p2a: Cresselia
|-fail|p2a: Cresselia|heal
|
|-heal|p1a: Glalie|141/259|[from] item: Leftovers
|-ability|p1a: Glalie|Moody|boost
|-boost|p1a: Glalie|spe|2
|-unboost|p1a: Glalie|spa|1
|upkeep
|turn|27
|
|t:|1683809128
|-start|p2a: Cresselia|Dynamax|
|-heal|p2a: Cresselia|646/646|[silent]
|move|p1a: Glalie|Freeze-Dry|p2a: Cresselia
|-damage|p2a: Cresselia|613/646
|move|p2a: Cresselia|Max Starfall|p1a: Glalie
|-end|p1a: Glalie|Substitute
|-fieldstart|move: Misty Terrain
|
|-heal|p1a: Glalie|157/259|[from] item: Leftovers
|-heal|p2a: Cresselia|633/646|[from] item: Leftovers
|-ability|p1a: Glalie|Moody|boost
|-boost|p1a: Glalie|spa|2
|-unboost|p1a: Glalie|spe|1
|upkeep
|turn|28
|
|t:|1683809147
|-start|p1a: Glalie|Dynamax|
|-heal|p1a: Glalie|314/518|[silent]
|move|p1a: Glalie|Max Guard|p1a: Glalie
|-singleturn|p1a: Glalie|Max Guard
|move|p2a: Cresselia|Max Starfall|p1a: Glalie
|-activate|p1a: Glalie|move: Max Guard
|
|-heal|p1a: Glalie|330/518|[from] item: Leftovers
|-heal|p2a: Cresselia|646/646|[from] item: Leftovers
|-ability|p1a: Glalie|Moody|boost
|-boost|p1a: Glalie|spa|2
|-unboost|p1a: Glalie|atk|1
|upkeep
|turn|29
|
|t:|1683809170
|move|p2a: Cresselia|Max Guard|p2a: Cresselia
|-singleturn|p2a: Cresselia|Max Guard
|move|p1a: Glalie|Max Quake|p2a: Cresselia
|-activate|p2a: Cresselia|move: Max Guard
|
|-heal|p1a: Glalie|346/518|[from] item: Leftovers
|-ability|p1a: Glalie|Moody|boost
|-boost|p1a: Glalie|def|2
|-unboost|p1a: Glalie|spa|1
|upkeep
|-end|p2a: Cresselia|Dynamax
|-heal|p2a: Cresselia|323/323|[silent]
|turn|30
|
|t:|1683809183
|move|p1a: Glalie|Max Hailstorm|p2a: Cresselia
|-damage|p2a: Cresselia|175/323
|-weather|Hail
|move|p2a: Cresselia|Moonblast|p1a: Glalie
|-damage|p1a: Glalie|260/518
|-unboost|p1a: Glalie|spa|1
|
|-weather|Hail|[upkeep]
|-damage|p2a: Cresselia|155/323|[from] Hail
|-heal|p1a: Glalie|276/518|[from] item: Leftovers
|-heal|p2a: Cresselia|175/323|[from] item: Leftovers
|-ability|p1a: Glalie|Moody|boost
|-boost|p1a: Glalie|atk|1
|-unboost|p1a: Glalie|def|1
|upkeep
|-end|p1a: Glalie|Dynamax
|-heal|p1a: Glalie|138/259|[silent]
|turn|31
|
|t:|1683809194
|move|p1a: Glalie|Substitute|p1a: Glalie
|-start|p1a: Glalie|Substitute
|-damage|p1a: Glalie|74/259
|move|p2a: Cresselia|Psyshock|p1a: Glalie
|-activate|p1a: Glalie|move: Substitute|[damage]
|
|-weather|Hail|[upkeep]
|-damage|p2a: Cresselia|155/323|[from] Hail
|-heal|p1a: Glalie|90/259|[from] item: Leftovers
|-heal|p2a: Cresselia|175/323|[from] item: Leftovers
|-fieldend|Misty Terrain
|-ability|p1a: Glalie|Moody|boost
|-boost|p1a: Glalie|def|2
|-unboost|p1a: Glalie|atk|1
|upkeep
|turn|32
|
|t:|1683809210
|move|p1a: Glalie|Freeze-Dry|p2a: Cresselia
|-damage|p2a: Cresselia|102/323
|move|p2a: Cresselia|Calm Mind|p2a: Cresselia
|-boost|p2a: Cresselia|spa|1
|-boost|p2a: Cresselia|spd|1
|
|-weather|Hail|[upkeep]
|-damage|p2a: Cresselia|82/323|[from] Hail
|-heal|p1a: Glalie|106/259|[from] item: Leftovers
|-heal|p2a: Cresselia|102/323|[from] item: Leftovers
|-ability|p1a: Glalie|Moody|boost
|-boost|p1a: Glalie|spd|2
|-unboost|p1a: Glalie|atk|1
|upkeep
|turn|33
|
|t:|1683809218
|move|p1a: Glalie|Freeze-Dry|p2a: Cresselia
|-damage|p2a: Cresselia|59/323
|move|p2a: Cresselia|Moonblast|p1a: Glalie
|-end|p1a: Glalie|Substitute
|
|-weather|Hail|[upkeep]
|-damage|p2a: Cresselia|39/323|[from] Hail
|-heal|p1a: Glalie|122/259|[from] item: Leftovers
|-heal|p2a: Cresselia|59/323|[from] item: Leftovers
|-ability|p1a: Glalie|Moody|boost
|-boost|p1a: Glalie|spa|2
|-unboost|p1a: Glalie|def|1
|upkeep
|turn|34
|
|t:|1683809233
|move|p1a: Glalie|Freeze-Dry|p2a: Cresselia
|-damage|p2a: Cresselia|0 fnt
|faint|p2a: Cresselia
|
|win|MateoV2.6
|l|☆Kazik007
