{"id": "gen8randombattle-1865290044", "p1": "trying_toget_tough", "p2": "Noam Chimpsky", "format": "[Gen 8] Random Battle", "log": "|j|\u2606trying_toget_tough\n|j|\u2606Noam Chimpsky\n|t:|1684269595\n|gametype|singles\n|player|p1|trying_toget_tough|acetrainer-gen4dp|1365\n|player|p2|Noam Chimpsky|giovanni|1494\n|teamsize|p1|6\n|teamsize|p2|6\n|gen|8\n|tier|[Gen 8] Random Battle\n|rated|\n|rule|Species Clause: Limit one of each Pok\u00e9mon\n|rule|HP Percentage Mod: HP is shown in percentages\n|rule|Sleep Clause Mod: Limit one foe put to sleep\n|\n|t:|1684269595\n|start\n|switch|p1a: Hawlucha|Hawlucha, L80, F|256/256\n|switch|p2a: Runerigus|Runerigus, L84, M|235/235\n|turn|1\n|inactive|Battle timer is ON: inactive players will automatically lose when time's up. (requested by Noam Chimpsky)\n|\n|t:|1684269612\n|move|p1a: Hawlucha|Throat Chop|p2a: Runerigus\n|-supereffective|p2a: Runerigus\n|-damage|p2a: Runerigus|171/235\n|-start|p2a: Runerigus|Throat Chop|[silent]\n|-activate|p2a: Runerigus|ability: Wandering Spirit|Unburden|Wandering Spirit|[of] p1a: Hawlucha\n|move|p2a: Runerigus|Stealth Rock|p1a: Hawlucha\n|-sidestart|p1: trying_toget_tough|move: Stealth Rock\n|\n|-heal|p2a: Runerigus|185/235|[from] item: Leftovers\n|upkeep\n|turn|2\n|\n|t:|1684269633\n|move|p1a: Hawlucha|Swords Dance|p1a: Hawlucha\n|-boost|p1a: Hawlucha|atk|2\n|move|p2a: Runerigus|Poltergeist|p1a: Hawlucha\n|-activate|p1a: Hawlucha|move: Poltergeist|White Herb\n|-damage|p1a: Hawlucha|130/256\n|\n|-heal|p2a: Runerigus|199/235|[from] item: Leftovers\n|-end|p2a: Runerigus|Throat Chop|[silent]\n|upkeep\n|turn|3\n|\n|t:|1684269646\n|move|p1a: Hawlucha|Brave Bird|p2a: Runerigus\n|-damage|p2a: Runerigus|46/235\n|-damage|p1a: Hawlucha|80/256|[from] Recoil\n|move|p2a: Runerigus|Haze|p2a: Runerigus\n|-clearallboost\n|\n|-heal|p2a: Runerigus|60/235|[from] item: Leftovers\n|upkeep\n|turn|4\n|\n|t:|1684269659\n|switch|p2a: Corsola|Corsola, L93, F|272/272\n|move|p1a: Hawlucha|Brave Bird|p2a: Corsola\n|-resisted|p2a: Corsola\n|-damage|p2a: Corsola|221/272\n|-damage|p1a: Hawlucha|38/256|[from] item: Rocky Helmet|[of] p2a: Corsola\n|-damage|p1a: Hawlucha|21/256|[from] Recoil\n|\n|upkeep\n|turn|5\n|\n|t:|1684269669\n|move|p1a: Hawlucha|Close Combat|p2a: Corsola\n|-supereffective|p2a: Corsola\n|-damage|p2a: Corsola|15/272\n|-unboost|p1a: Hawlucha|def|1\n|-unboost|p1a: Hawlucha|spd|1\n|-damage|p1a: Hawlucha|0 fnt|[from] item: Rocky Helmet|[of] p2a: Corsola\n|faint|p1a: Hawlucha\n|move|p2a: Corsola|Recover|p2a: Corsola\n|-heal|p2a: Corsola|151/272\n|\n|upkeep\n|\n|t:|1684269688\n|switch|p1a: Registeel|Registeel, L83|268/268\n|-damage|p1a: Registeel|252/268|[from] Stealth Rock\n|turn|6\n|\n|t:|1684269697\n|switch|p2a: Runerigus|Runerigus, L84, M|60/235\n|move|p1a: Registeel|Toxic|p2a: Runerigus\n|-status|p2a: Runerigus|tox\n|\n|-heal|p2a: Runerigus|74/235 tox|[from] item: Leftovers\n|-damage|p2a: Runerigus|60/235 tox|[from] psn\n|upkeep\n|turn|7\n|\n|t:|1684269705\n|switch|p1a: Slowking|Slowking, L86, F|304/304\n|-damage|p1a: Slowking|266/304|[from] Stealth Rock\n|move|p2a: Runerigus|Earthquake|p1a: Slowking\n|-damage|p1a: Slowking|152/304\n|\n|-heal|p1a: Slowking|171/304|[from] item: Leftovers\n|-heal|p2a: Runerigus|74/235 tox|[from] item: Leftovers\n|-damage|p2a: Runerigus|46/235 tox|[from] psn\n|upkeep\n|turn|8\n|\n|t:|1684269723\n|move|p1a: Slowking|Scald|p2a: Runerigus\n|-supereffective|p2a: Runerigus\n|-damage|p2a: Runerigus|0 fnt\n|faint|p2a: Runerigus\n|\n|-heal|p1a: Slowking|190/304|[from] item: Leftovers\n|upkeep\n|\n|t:|1684269730\n|switch|p2a: Urshifu|Urshifu, L76, F|277/277\n|turn|9\n|\n|t:|1684269750\n|move|p2a: Urshifu|U-turn|p1a: Slowking\n|-supereffective|p1a: Slowking\n|-damage|p1a: Slowking|32/304\n|\n|t:|1684269753\n|switch|p2a: Drampa|Drampa, L86, M|274/274|[from] U-turn\n|move|p1a: Slowking|Toxic|p2a: Drampa\n|-status|p2a: Drampa|tox\n|\n|-heal|p1a: Slowking|51/304|[from] item: Leftovers\n|-damage|p2a: Drampa|257/274 tox|[from] psn\n|upkeep\n|turn|10\n|\n|t:|1684269767\n|switch|p1a: Cofagrigus|Cofagrigus, L86, M|240/240\n|-damage|p1a: Cofagrigus|210/240|[from] Stealth Rock\n|move|p2a: Drampa|Hyper Voice|p1a: Cofagrigus\n|-immune|p1a: Cofagrigus\n|\n|-heal|p2a: Drampa|274/274 tox|[from] item: Leftovers\n|-heal|p1a: Cofagrigus|225/240|[from] item: Leftovers\n|-damage|p2a: Drampa|240/274 tox|[from] psn\n|upkeep\n|turn|11\n|\n|t:|1684269780\n|switch|p2a: Corsola|Corsola, L93, F|241/272\n|move|p1a: Cofagrigus|Body Press|p2a: Corsola\n|-supereffective|p2a: Corsola\n|-damage|p2a: Corsola|107/272\n|-damage|p1a: Cofagrigus|185/240|[from] item: Rocky Helmet|[of] p2a: Corsola\n|\n|-heal|p1a: Cofagrigus|200/240|[from] item: Leftovers\n|upkeep\n|turn|12\n|\n|t:|1684269788\n|move|p2a: Corsola|Recover|p2a: Corsola\n|-heal|p2a: Corsola|243/272\n|move|p1a: Cofagrigus|Body Press|p2a: Corsola\n|-supereffective|p2a: Corsola\n|-damage|p2a: Corsola|97/272\n|-damage|p1a: Cofagrigus|160/240|[from] item: Rocky Helmet|[of] p2a: Corsola\n|\n|-heal|p1a: Cofagrigus|175/240|[from] item: Leftovers\n|upkeep\n|turn|13\n|\n|t:|1684269798\n|move|p2a: Corsola|Recover|p2a: Corsola\n|-heal|p2a: Corsola|233/272\n|move|p1a: Cofagrigus|Will-O-Wisp|p2a: Corsola\n|-status|p2a: Corsola|brn\n|\n|-heal|p1a: Cofagrigus|190/240|[from] item: Leftovers\n|-damage|p2a: Corsola|216/272 brn|[from] brn\n|upkeep\n|turn|14\n|\n|t:|1684269807\n|move|p2a: Corsola|Toxic|p1a: Cofagrigus\n|-status|p1a: Cofagrigus|tox\n|move|p1a: Cofagrigus|Shadow Ball|p2a: Corsola\n|-damage|p2a: Corsola|146/272 brn\n|\n|-heal|p1a: Cofagrigus|205/240 tox|[from] item: Leftovers\n|-damage|p1a: Cofagrigus|190/240 tox|[from] psn\n|-damage|p2a: Corsola|129/272 brn|[from] brn\n|upkeep\n|turn|15\n|\n|t:|1684269816\n|move|p2a: Corsola|Recover|p2a: Corsola\n|-heal|p2a: Corsola|265/272 brn\n|move|p1a: Cofagrigus|Body Press|p2a: Corsola\n|-supereffective|p2a: Corsola\n|-damage|p2a: Corsola|127/272 brn\n|-damage|p1a: Cofagrigus|150/240 tox|[from] item: Rocky Helmet|[of] p2a: Corsola\n|\n|-heal|p1a: Cofagrigus|165/240 tox|[from] item: Leftovers\n|-damage|p1a: Cofagrigus|135/240 tox|[from] psn\n|-damage|p2a: Corsola|110/272 brn|[from] brn\n|upkeep\n|turn|16\n|\n|t:|1684269828\n|move|p2a: Corsola|Recover|p2a: Corsola\n|-heal|p2a: Corsola|246/272 brn\n|move|p1a: Cofagrigus|Body Press|p2a: Corsola\n|-supereffective|p2a: Corsola\n|-damage|p2a: Corsola|110/272 brn\n|-damage|p1a: Cofagrigus|95/240 tox|[from] item: Rocky Helmet|[of] p2a: Corsola\n|\n|-heal|p1a: Cofagrigus|110/240 tox|[from] item: Leftovers\n|-damage|p1a: Cofagrigus|65/240 tox|[from] psn\n|-damage|p2a: Corsola|93/272 brn|[from] brn\n|upkeep\n|turn|17\n|inactive|trying_toget_tough has 120 seconds left.\n|\n|t:|1684269879\n|switch|p2a: Moltres|Moltres, L80|275/275\n|move|p1a: Cofagrigus|Body Press|p2a: Moltres\n|-resisted|p2a: Moltres\n|-damage|p2a: Moltres|235/275\n|\n|-heal|p1a: Cofagrigus|80/240 tox|[from] item: Leftovers\n|-damage|p1a: Cofagrigus|20/240 tox|[from] psn\n|upkeep\n|turn|18\n|inactive|Noam Chimpsky has 120 seconds left.\n|\n|t:|1684269902\n|switch|p1a: Slowking|Slowking, L86, F|152/304\n|-damage|p1a: Slowking|114/304|[from] Stealth Rock\n|move|p2a: Moltres|U-turn|p1a: Slowking\n|-supereffective|p1a: Slowking\n|-damage|p1a: Slowking|18/304\n|\n|t:|1684269923\n|switch|p2a: Corsola|Corsola, L93, F|183/272 brn|[from] U-turn\n|\n|-heal|p1a: Slowking|37/304|[from] item: Leftovers\n|-damage|p2a: Corsola|166/272 brn|[from] brn\n|upkeep\n|turn|19\n|\n|t:|1684269942\n|switch|p1a: Cofagrigus|Cofagrigus, L86, M|20/240 tox\n|-damage|p1a: Cofagrigus|0 fnt|[from] Stealth Rock\n|faint|p1a: Cofagrigus\n|move|p2a: Corsola|Power Gem|p1: Cofagrigus|[notarget]\n|-fail|p2a: Corsola\n|\n|-damage|p2a: Corsola|149/272 brn|[from] brn\n|upkeep\n|\n|t:|1684269952\n|switch|p1a: Registeel|Registeel, L83|252/268\n|-damage|p1a: Registeel|236/268|[from] Stealth Rock\n|turn|20\n|\n|t:|1684269957\n|move|p1a: Registeel|Body Press|p2a: Corsola\n|-supereffective|p2a: Corsola\n|-damage|p2a: Corsola|5/272 brn\n|-damage|p1a: Registeel|192/268|[from] item: Rocky Helmet|[of] p2a: Corsola\n|move|p2a: Corsola|Scald|p1a: Registeel\n|-damage|p1a: Registeel|143/268\n|\n|-damage|p2a: Corsola|0 fnt|[from] brn\n|faint|p2a: Corsola\n|upkeep\n|inactive|Noam Chimpsky has 120 seconds left.\n|\n|t:|1684269970\n|switch|p2a: Moltres|Moltres, L80|235/275\n|turn|21\n|inactive|trying_toget_tough has 120 seconds left.\n|\n|t:|1684269997\n|move|p2a: Moltres|Fire Blast|p1a: Registeel|[miss]\n|-miss|p2a: Moltres|p1a: Registeel\n|move|p1a: Registeel|Toxic|p2a: Moltres\n|-status|p2a: Moltres|tox\n|\n|-damage|p2a: Moltres|218/275 tox|[from] psn\n|upkeep\n|turn|22\n|\n|t:|1684270005\n|move|p2a: Moltres|Fire Blast|p1a: Registeel\n|-supereffective|p1a: Registeel\n|-damage|p1a: Registeel|0 fnt\n|faint|p1a: Registeel\n|\n|-damage|p2a: Moltres|184/275 tox|[from] psn\n|upkeep\n|\n|t:|1684270011\n|switch|p1a: Electivire|Electivire, L82, F|257/257\n|-damage|p1a: Electivire|225/257|[from] Stealth Rock\n|turn|23\n|\n|t:|1684270030\n|move|p1a: Electivire|Wild Charge|p2a: Moltres\n|-supereffective|p2a: Moltres\n|-damage|p2a: Moltres|0 fnt\n|faint|p2a: Moltres\n|-damage|p1a: Electivire|179/257|[from] Recoil\n|-damage|p1a: Electivire|154/257|[from] item: Life Orb\n|\n|upkeep\n|\n|t:|1684270037\n|switch|p2a: Drampa|Drampa, L86, M|240/274 tox\n|turn|24\n|inactive|trying_toget_tough has 120 seconds left.\n|inactive|trying_toget_tough has 90 seconds left.\n|\n|t:|1684270075\n|move|p1a: Electivire|Ice Punch|p2a: Drampa\n|-supereffective|p2a: Drampa\n|-damage|p2a: Drampa|76/274 tox\n|-ability|p2a: Drampa|Berserk|boost\n|-boost|p2a: Drampa|spa|1\n|-damage|p1a: Electivire|129/257|[from] item: Life Orb\n|move|p2a: Drampa|Hyper Voice|p1a: Electivire\n|-damage|p1a: Electivire|0 fnt\n|faint|p1a: Electivire\n|\n|-heal|p2a: Drampa|93/274 tox|[from] item: Leftovers\n|-damage|p2a: Drampa|76/274 tox|[from] psn\n|upkeep\n|inactive|trying_toget_tough has 90 seconds left.\n|\n|t:|1684270087\n|switch|p1a: Garbodor|Garbodor, L87, M|281/281\n|-damage|p1a: Garbodor|246/281|[from] Stealth Rock\n|turn|25\n|inactive|trying_toget_tough has 90 seconds left.\n|\n|t:|1684270108\n|move|p1a: Garbodor|Gunk Shot|p2a: Drampa|[miss]\n|-miss|p1a: Garbodor|p2a: Drampa\n|move|p2a: Drampa|Draco Meteor|p1a: Garbodor|[miss]\n|-miss|p2a: Drampa|p1a: Garbodor\n|\n|-heal|p1a: Garbodor|263/281|[from] item: Black Sludge\n|-heal|p2a: Drampa|93/274 tox|[from] item: Leftovers\n|-damage|p2a: Drampa|59/274 tox|[from] psn\n|upkeep\n|turn|26\n|\n|t:|1684270117\n|move|p1a: Garbodor|Gunk Shot|p2a: Drampa\n|-damage|p2a: Drampa|0 fnt\n|faint|p2a: Drampa\n|\n|-heal|p1a: Garbodor|280/281|[from] item: Black Sludge\n|upkeep\n|\n|t:|1684270124\n|switch|p2a: Frosmoth|Frosmoth, L82, M|249/249\n|turn|27\n|\n|t:|1684270131\n|move|p1a: Garbodor|Toxic Spikes|p2a: Frosmoth\n|-sidestart|p2: Noam Chimpsky|move: Toxic Spikes\n|move|p2a: Frosmoth|Quiver Dance|p2a: Frosmoth\n|-boost|p2a: Frosmoth|spa|1\n|-boost|p2a: Frosmoth|spd|1\n|-boost|p2a: Frosmoth|spe|1\n|\n|-heal|p1a: Garbodor|281/281|[from] item: Black Sludge\n|upkeep\n|turn|28\n|\n|t:|1684270139\n|-start|p2a: Frosmoth|Dynamax|\n|-heal|p2a: Frosmoth|498/498|[silent]\n|-start|p1a: Garbodor|Dynamax|Gmax\n|-heal|p1a: Garbodor|562/562|[silent]\n|move|p2a: Frosmoth|Max Hailstorm|p1a: Garbodor\n|-crit|p1a: Garbodor\n|-damage|p1a: Garbodor|207/562\n|-weather|Hail\n|move|p1a: Garbodor|G-Max Malodor|p2a: Frosmoth\n|-damage|p2a: Frosmoth|362/498\n|-status|p2a: Frosmoth|psn\n|\n|-weather|Hail|[upkeep]\n|-damage|p1a: Garbodor|190/562|[from] Hail\n|-heal|p1a: Garbodor|207/562|[from] item: Black Sludge\n|-damage|p2a: Frosmoth|331/498 psn|[from] psn\n|upkeep\n|turn|29\n|\n|t:|1684270156\n|move|p1a: Garbodor|Max Guard|p1a: Garbodor\n|-singleturn|p1a: Garbodor|Max Guard\n|move|p2a: Frosmoth|Max Hailstorm|p1a: Garbodor\n|-activate|p1a: Garbodor|move: Max Guard\n|\n|-weather|Hail|[upkeep]\n|-damage|p1a: Garbodor|190/562|[from] Hail\n|-heal|p1a: Garbodor|207/562|[from] item: Black Sludge\n|-damage|p2a: Frosmoth|300/498 psn|[from] psn\n|upkeep\n|turn|30\n|\n|t:|1684270168\n|move|p2a: Frosmoth|Max Hailstorm|p1a: Garbodor\n|-damage|p1a: Garbodor|0 fnt\n|faint|p1a: Garbodor\n|\n|-weather|Hail|[upkeep]\n|-damage|p2a: Frosmoth|269/498 psn|[from] psn\n|upkeep\n|\n|t:|1684270174\n|switch|p1a: Slowking|Slowking, L86, F|138/304\n|-damage|p1a: Slowking|100/304|[from] Stealth Rock\n|-end|p2a: Frosmoth|Dynamax\n|-heal|p2a: Frosmoth|135/249 psn|[silent]\n|turn|31\n|\n|t:|1684270180\n|move|p2a: Frosmoth|Giga Drain|p1a: Slowking\n|-supereffective|p1a: Slowking\n|-damage|p1a: Slowking|0 fnt\n|-heal|p2a: Frosmoth|185/249 psn|[from] drain|[of] p1a: Slowking\n|faint|p1a: Slowking\n|\n|win|Noam Chimpsky\n|raw|trying_toget_tough's rating: 1365 &rarr; <strong>1352</strong><br />(-13 for losing)\n|raw|Noam Chimpsky's rating: 1494 &rarr; <strong>1507</strong><br />(+13 for winning)\n", "inputlog": ">version a86fbaffe903c4a7274c53376b849908390bb49d\n>start {\"formatid\":\"gen8randombattle\",\"seed\":[10861,34896,41527,39703],\"rated\":\"Rated battle\"}\n>player p1 {\"name\":\"trying_toget_tough\",\"avatar\":\"acetrainer-gen4dp\",\"rating\":1365,\"seed\":[47813,54500,55068,40744]}\n>player p2 {\"name\":\"Noam Chimpsky\",\"avatar\":\"giovanni\",\"rating\":1494,\"seed\":[18561,41143,29904,42127]}\n>p1 move throatchop\n>p2 move stealthrock\n>p1 move swordsdance\n>p2 move poltergeist\n>p1 move bravebird\n>p2 move haze\n>p1 move bravebird\n>p2 switch 5\n>p1 move closecombat\n>p2 move recover\n>p1 switch 5\n>p1 move toxic\n>p2 switch 5\n>p1 switch 4\n>p2 move earthquake\n>p1 move scald\n>p2 move poltergeist\n>p2 switch 3\n>p1 move toxic\n>p2 move uturn\n>p2 switch 6\n>p1 switch 6\n>p2 move hypervoice\n>p1 move bodypress\n>p2 switch 5\n>p1 move bodypress\n>p2 move recover\n>p1 move willowisp\n>p2 move recover\n>p1 move shadowball\n>p2 move toxic\n>p1 move bodypress\n>p2 move recover\n>p1 move bodypress\n>p2 move recover\n>p1 move bodypress\n>p2 switch 4\n>p1 switch 6\n>p2 move uturn\n>p2 switch 4\n>p1 switch 6\n>p2 move powergem\n>p1 switch 4\n>p1 move bodypress\n>p2 move scald\n>p2 switch 4\n>p1 move toxic\n>p2 move fireblast\n>p1 move rest\n>p2 move fireblast\n>p1 switch 3\n>p1 move wildcharge\n>p2 move uturn\n>p2 switch 5\n>p1 move icepunch\n>p2 move hypervoice\n>p1 switch 2\n>p1 move gunkshot\n>p2 move dracometeor\n>p1 move gunkshot\n>p2 move hypervoice\n>p2 switch 2\n>p1 move toxicspikes\n>p2 move quiverdance\n>p1 move gunkshot dynamax\n>p2 move icebeam dynamax\n>p1 move spikes dynamax\n>p2 move icebeam dynamax\n>p1 move gunkshot dynamax\n>p2 move icebeam dynamax\n>p1 switch 6\n>p1 move slackoff\n>p2 move gigadrain", "uploadtime": 1684270185, "views": 3, "p1id": "tryingtogettough", "p2id": "noamchimpsky", "formatid": "gen8randombattle", "rating": 1352, "private": 0, "password": ""}