{"id": "gen8randombattle-1872117636", "p1": "Wait2Seconds", "p2": "SHONE", "format": "[Gen 8] Random Battle", "log": "|j|\u2606Wait2Seconds\n|j|\u2606SHONE\n|t:|1685182261\n|gametype|singles\n|player|p1|Wait2Seconds|#rbtt6teampalkia|\n|player|p2|SHONE|lady-gen4|\n|teamsize|p1|6\n|teamsize|p2|6\n|gen|8\n|tier|[Gen 8] Random Battle\n|rule|Species Clause: Limit one of each Pok\u00e9mon\n|rule|HP Percentage Mod: HP is shown in percentages\n|rule|Sleep Clause Mod: Limit one foe put to sleep\n|\n|t:|1685182261\n|start\n|switch|p1a: Grimmsnarl|Grimmsnarl, L82, M|290/290\n|switch|p2a: Slowking|Slowking, L86, M|304/304\n|turn|1\n|c|\u2606Wait2Seconds|hf\n|c|\u2606SHONE|Glhf\n|\n|t:|1685182292\n|switch|p2a: Drapion|Drapion, L82, M|249/249\n|move|p1a: Grimmsnarl|Taunt|p2a: Drapion\n|-hint|Since gen 7, Dark is immune to Prankster moves.\n|-immune|p2a: Drapion\n|\n|upkeep\n|turn|2\n|\n|t:|1685182310\n|switch|p1a: Guzzlord|Guzzlord, L84|512/512\n|move|p2a: Drapion|Knock Off|p1a: Guzzlord\n|-resisted|p1a: Guzzlord\n|-damage|p1a: Guzzlord|430/512\n|-enditem|p1a: Guzzlord|Assault Vest|[from] move: Knock Off|[of] p2a: Drapion\n|-damage|p2a: Drapion|225/249|[from] item: Life Orb\n|\n|upkeep\n|turn|3\n|\n|t:|1685182332\n|switch|p2a: Cobalion|Cobalion, L78|270/270\n|move|p1a: Guzzlord|Draco Meteor|p2a: Cobalion\n|-resisted|p2a: Cobalion\n|-damage|p2a: Cobalion|191/270\n|-unboost|p1a: Guzzlord|spa|2\n|\n|upkeep\n|turn|4\n|\n|t:|1685182349\n|switch|p1a: Crobat|Crobat, L82, M|274/274\n|move|p2a: Cobalion|Swords Dance|p2a: Cobalion\n|-boost|p2a: Cobalion|atk|2\n|\n|upkeep\n|turn|5\n|\n|t:|1685182362\n|move|p1a: Crobat|Brave Bird|p2a: Cobalion\n|-damage|p2a: Cobalion|98/270\n|-damage|p1a: Crobat|243/274|[from] Recoil\n|move|p2a: Cobalion|Stone Edge|p1a: Crobat\n|-supereffective|p1a: Crobat\n|-damage|p1a: Crobat|0 fnt\n|faint|p1a: Crobat\n|\n|upkeep\n|\n|t:|1685182368\n|switch|p1a: Jolteon|Jolteon, L82, M|241/241\n|turn|6\n|\n|t:|1685182379\n|switch|p2a: Swampert|Swampert, L80, F|291/291\n|move|p1a: Jolteon|Thunderbolt|p2a: Swampert\n|-immune|p2a: Swampert\n|\n|upkeep\n|turn|7\n|\n|t:|1685182394\n|switch|p1a: Tsareena|Tsareena, L84, F|258/258\n|move|p2a: Swampert|Stealth Rock|p1a: Tsareena\n|-sidestart|p1: Wait2Seconds|move: Stealth Rock\n|\n|upkeep\n|turn|8\n|\n|t:|1685182407\n|switch|p2a: Trevenant|Trevenant, L86, F|286/286\n|move|p1a: Tsareena|Rapid Spin|p2a: Trevenant\n|-immune|p2a: Trevenant\n|\n|upkeep\n|turn|9\n|\n|t:|1685182416\n|move|p1a: Tsareena|Knock Off|p2a: Trevenant\n|-supereffective|p2a: Trevenant\n|-damage|p2a: Trevenant|100/286\n|-enditem|p2a: Trevenant|Choice Band|[from] move: Knock Off|[of] p1a: Tsareena\n|move|p2a: Trevenant|Wood Hammer|p1a: Tsareena\n|-resisted|p1a: Tsareena\n|-damage|p1a: Tsareena|192/258\n|-damage|p2a: Trevenant|78/286|[from] Recoil\n|\n|upkeep\n|turn|10\n|\n|t:|1685182430\n|move|p1a: Tsareena|Rapid Spin|p2a: Trevenant\n|-immune|p2a: Trevenant\n|move|p2a: Trevenant|Poltergeist|p1a: Tsareena\n|-activate|p1a: Tsareena|move: Poltergeist|Heavy-Duty Boots\n|-damage|p1a: Tsareena|74/258\n|\n|upkeep\n|turn|11\n|\n|t:|1685182441\n|move|p1a: Tsareena|Synthesis|p1a: Tsareena\n|-heal|p1a: Tsareena|203/258\n|move|p2a: Trevenant|Poltergeist|p1a: Tsareena\n|-activate|p1a: Tsareena|move: Poltergeist|Heavy-Duty Boots\n|-damage|p1a: Tsareena|77/258\n|\n|upkeep\n|turn|12\n|\n|t:|1685182449\n|move|p1a: Tsareena|Synthesis|p1a: Tsareena\n|-heal|p1a: Tsareena|206/258\n|move|p2a: Trevenant|Poltergeist|p1a: Tsareena\n|-activate|p1a: Tsareena|move: Poltergeist|Heavy-Duty Boots\n|-damage|p1a: Tsareena|85/258\n|\n|upkeep\n|turn|13\n|\n|t:|1685182459\n|switch|p2a: Nihilego|Nihilego, L79|302/302\n|move|p1a: Tsareena|Synthesis|p1a: Tsareena\n|-heal|p1a: Tsareena|214/258\n|\n|upkeep\n|turn|14\n|\n|t:|1685182470\n|move|p2a: Nihilego|Sludge Wave|p1a: Tsareena\n|-supereffective|p1a: Tsareena\n|-damage|p1a: Tsareena|0 fnt\n|faint|p1a: Tsareena\n|-ability|p2a: Nihilego|Beast Boost|boost\n|-boost|p2a: Nihilego|spa|1\n|\n|upkeep\n|\n|t:|1685182475\n|switch|p1a: Guzzlord|Guzzlord, L84|430/512\n|-damage|p1a: Guzzlord|366/512|[from] Stealth Rock\n|turn|15\n|\n|t:|1685182496\n|switch|p2a: Trevenant|Trevenant, L86, F|78/286\n|move|p1a: Guzzlord|Draco Meteor|p2a: Trevenant|[miss]\n|-miss|p1a: Guzzlord|p2a: Trevenant\n|\n|upkeep\n|turn|16\n|\n|t:|1685182505\n|move|p2a: Trevenant|Rock Slide|p1a: Guzzlord\n|-damage|p1a: Guzzlord|283/512\n|cant|p1a: Guzzlord|flinch\n|\n|upkeep\n|turn|17\n|\n|t:|1685182511\n|move|p2a: Trevenant|Rock Slide|p1a: Guzzlord\n|-damage|p1a: Guzzlord|197/512\n|move|p1a: Guzzlord|Knock Off|p2a: Trevenant\n|-supereffective|p2a: Trevenant\n|-damage|p2a: Trevenant|0 fnt\n|faint|p2a: Trevenant\n|-ability|p1a: Guzzlord|Beast Boost|boost\n|-boost|p1a: Guzzlord|atk|1\n|\n|upkeep\n|\n|t:|1685182524\n|switch|p2a: Cobalion|Cobalion, L78|98/270\n|turn|18\n|\n|t:|1685182536\n|move|p2a: Cobalion|Close Combat|p1a: Guzzlord\n|-supereffective|p1a: Guzzlord\n|-damage|p1a: Guzzlord|0 fnt\n|-unboost|p2a: Cobalion|def|1\n|-unboost|p2a: Cobalion|spd|1\n|faint|p1a: Guzzlord\n|\n|upkeep\n|\n|t:|1685182541\n|switch|p1a: Heliolisk|Heliolisk, L82, M|236/236\n|-damage|p1a: Heliolisk|207/236|[from] Stealth Rock\n|turn|19\n|\n|t:|1685182555\n|move|p1a: Heliolisk|Hyper Voice|p2a: Cobalion\n|-resisted|p2a: Cobalion\n|-damage|p2a: Cobalion|0 fnt\n|faint|p2a: Cobalion\n|\n|upkeep\n|\n|t:|1685182567\n|switch|p2a: Drapion|Drapion, L82, M|225/249\n|turn|20\n|\n|t:|1685182588\n|-start|p1a: Heliolisk|Dynamax|\n|-heal|p1a: Heliolisk|414/472|[silent]\n|move|p1a: Heliolisk|Max Lightning|p2a: Drapion\n|-damage|p2a: Drapion|68/249\n|-fieldstart|move: Electric Terrain\n|move|p2a: Drapion|Earthquake|p1a: Heliolisk\n|-supereffective|p1a: Heliolisk\n|-damage|p1a: Heliolisk|167/472\n|-damage|p2a: Drapion|44/249|[from] item: Life Orb\n|\n|upkeep\n|turn|21\n|\n|t:|1685182604\n|switch|p2a: Slowking|Slowking, L86, M|304/304\n|move|p1a: Heliolisk|Max Strike|p2a: Slowking\n|-damage|p2a: Slowking|186/304\n|-unboost|p2a: Slowking|spe|1\n|\n|-heal|p2a: Slowking|205/304|[from] item: Leftovers\n|upkeep\n|turn|22\n|\n|t:|1685182618\n|switch|p2a: Drapion|Drapion, L82, M|44/249\n|move|p1a: Heliolisk|Max Lightning|p2a: Drapion\n|-damage|p2a: Drapion|0 fnt\n|faint|p2a: Drapion\n|\n|upkeep\n|\n|t:|1685182623\n|switch|p2a: Nihilego|Nihilego, L79|302/302\n|-end|p1a: Heliolisk|Dynamax\n|-heal|p1a: Heliolisk|84/236|[silent]\n|turn|23\n|\n|t:|1685182634\n|switch|p1a: Grimmsnarl|Grimmsnarl, L82, M|290/290\n|-damage|p1a: Grimmsnarl|254/290|[from] Stealth Rock\n|-start|p2a: Nihilego|Dynamax|\n|-heal|p2a: Nihilego|604/604|[silent]\n|move|p2a: Nihilego|Max Overgrowth|p1a: Grimmsnarl\n|-damage|p1a: Grimmsnarl|128/290\n|-fieldstart|move: Grassy Terrain\n|\n|-heal|p1a: Grimmsnarl|146/290|[from] Grassy Terrain\n|upkeep\n|turn|24\n|\n|t:|1685182645\n|move|p1a: Grimmsnarl|Light Screen|p1a: Grimmsnarl\n|-sidestart|p1: Wait2Seconds|move: Light Screen\n|move|p2a: Nihilego|Max Ooze|p1a: Grimmsnarl\n|-supereffective|p1a: Grimmsnarl\n|-damage|p1a: Grimmsnarl|31/290\n|-boost|p2a: Nihilego|spa|1\n|\n|-heal|p1a: Grimmsnarl|49/290|[from] Grassy Terrain\n|upkeep\n|turn|25\n|\n|t:|1685182658\n|move|p2a: Nihilego|Max Ooze|p1a: Grimmsnarl\n|-supereffective|p1a: Grimmsnarl\n|-damage|p1a: Grimmsnarl|0 fnt\n|-boost|p2a: Nihilego|spa|1\n|faint|p1a: Grimmsnarl\n|-ability|p2a: Nihilego|Beast Boost|boost\n|-boost|p2a: Nihilego|spa|1\n|\n|upkeep\n|\n|t:|1685182661\n|switch|p1a: Jolteon|Jolteon, L82, M|241/241\n|-damage|p1a: Jolteon|211/241|[from] Stealth Rock\n|-end|p2a: Nihilego|Dynamax\n|-heal|p2a: Nihilego|302/302|[silent]\n|turn|26\n|\n|t:|1685182673\n|move|p1a: Jolteon|Thunderbolt|p2a: Nihilego\n|-damage|p2a: Nihilego|184/302\n|move|p2a: Nihilego|Sludge Wave|p1a: Jolteon\n|-damage|p1a: Jolteon|80/241\n|\n|-heal|p1a: Jolteon|95/241|[from] Grassy Terrain\n|-heal|p2a: Nihilego|202/302|[from] Grassy Terrain\n|-heal|p2a: Nihilego|220/302|[from] item: Black Sludge\n|upkeep\n|turn|27\n|\n|t:|1685182682\n|move|p1a: Jolteon|Thunderbolt|p2a: Nihilego\n|-crit|p2a: Nihilego\n|-damage|p2a: Nihilego|55/302\n|move|p2a: Nihilego|Sludge Wave|p1a: Jolteon\n|-damage|p1a: Jolteon|0 fnt\n|faint|p1a: Jolteon\n|-ability|p2a: Nihilego|Beast Boost|boost\n|-boost|p2a: Nihilego|spa|1\n|\n|-heal|p2a: Nihilego|73/302|[from] Grassy Terrain\n|-heal|p2a: Nihilego|91/302|[from] item: Black Sludge\n|-fieldend|move: Grassy Terrain\n|upkeep\n|\n|t:|1685182686\n|switch|p1a: Heliolisk|Heliolisk, L82, M|84/236\n|-damage|p1a: Heliolisk|55/236|[from] Stealth Rock\n|turn|28\n|\n|t:|1685182695\n|move|p1a: Heliolisk|Hyper Voice|p2a: Nihilego\n|-resisted|p2a: Nihilego\n|-damage|p2a: Nihilego|32/302\n|move|p2a: Nihilego|Sludge Wave|p1a: Heliolisk\n|-damage|p1a: Heliolisk|0 fnt\n|faint|p1a: Heliolisk\n|\n|win|SHONE\n|c|\u2606SHONE|gg1\n|l|\u2606Wait2Seconds\n", "inputlog": ">version d74822bbc74c095aa312053f7034baee3068d99e\n>start {\"formatid\":\"gen8randombattle\",\"seed\":[4295,43199,29063,2990]}\n>player p1 {\"name\":\"Wait2Seconds\",\"avatar\":\"#rbtt6teampalkia\",\"rating\":0,\"seed\":[43879,30916,29264,15478]}\n>player p2 {\"name\":\"SHONE\",\"avatar\":\"lady-gen4\",\"rating\":0,\"seed\":[60262,32460,29820,63201]}\n>chat \u2606Wait2Seconds|hf\n>chat \u2606SHONE|Glhf\n>p1 move taunt\n>p2 switch 2\n>p1 switch 4\n>p2 move knockoff\n>p1 move dracometeor\n>p2 switch 3\n>p1 switch 2\n>p2 move swordsdance\n>p1 move bravebird\n>p2 move stoneedge\n>p1 switch 3\n>p1 move thunderbolt\n>p2 switch 5\n>p1 switch 5\n>p2 move stealthrock\n>p1 move rapidspin\n>p2 switch 4\n>p1 move knockoff\n>p2 move woodhammer\n>p1 move rapidspin\n>p2 move poltergeist\n>p1 move synthesis\n>p2 move poltergeist\n>p1 move synthesis\n>p2 move poltergeist\n>p1 move synthesis\n>p2 switch 6\n>p1 move rapidspin\n>p2 move sludgewave\n>p1 switch 2\n>p1 move dracometeor\n>p2 switch 6\n>p1 move knockoff\n>p2 move rockslide\n>p1 move knockoff\n>p2 move rockslide\n>p2 switch 5\n>p1 move fireblast\n>p2 move closecombat\n>p1 switch 6\n>p1 move hypervoice\n>p2 move closecombat\n>p2 switch 3\n>p1 move thunderbolt dynamax\n>p2 move earthquake\n>p1 move hypervoice dynamax\n>p2 switch 2\n>p1 move thunderbolt dynamax\n>p2 switch 2\n>p2 switch 6\n>p1 switch 4\n>p2 move grassknot dynamax\n>p1 move lightscreen\n>p2 move sludgewave dynamax\n>p1 move spiritbreak\n>p2 move sludgewave dynamax\n>p1 switch 5\n>p1 move thunderbolt\n>p2 move sludgewave\n>p1 move thunderbolt\n>p2 move sludgewave\n>p1 switch 4\n>p1 move hypervoice\n>p2 move sludgewave", "uploadtime": 1685182704, "views": 11, "p1id": "wait2seconds", "p2id": "shone", "formatid": "gen8randombattle", "rating": 0, "private": 0, "password": ""}