|j|☆gareeb adani
|j|☆MyPasswordIsPeePee
|t:|1685135851
|gametype|singles
|player|p1|gareeb adani|2|1493
|player|p2|MyPasswordIsPeePee|266|1685
|teamsize|p1|6
|teamsize|p2|6
|gen|8
|tier|[Gen 8] Random Battle
|rated|
|rule|Species Clause: Limit one of each Pokémon
|rule|HP Percentage Mod: HP is shown in percentages
|rule|Sleep Clause Mod: Limit one foe put to sleep
|
|t:|1685135851
|start
|switch|p1a: Copperajah|Copperajah, L84, M|342/342
|switch|p2a: Hippowdon|Hippowdon, L80, M|304/304
|-weather|Sandstorm|[from] ability: Sand Stream|[of] p2a: Hippowdon
|turn|1
|inactive|Battle timer is ON: inactive players will automatically lose when time's up. (requested by MyPasswordIsPeePee)
|
|t:|1685135886
|switch|p1a: Qwilfish|Qwilfish, L84, F|246/246
|-ability|p1a: Qwilfish|Intimidate|boost
|-unboost|p2a: Hippowdon|atk|1
|move|p2a: Hippowdon|Earthquake|p1a: Qwilfish
|-supereffective|p1a: Qwilfish
|-damage|p1a: Qwilfish|96/246
|
|-weather|Sandstorm|[upkeep]
|-damage|p1a: Qwilfish|81/246|[from] Sandstorm
|-heal|p1a: Qwilfish|96/246|[from] item: Black Sludge
|upkeep
|turn|2
|
|t:|1685135894
|switch|p2a: Uxie|Uxie, L82|257/257
|move|p1a: Qwilfish|Waterfall|p2a: Uxie
|-damage|p2a: Uxie|194/257
|
|-weather|Sandstorm|[upkeep]
|-damage|p2a: Uxie|178/257|[from] Sandstorm
|-damage|p1a: Qwilfish|81/246|[from] Sandstorm
|-heal|p2a: Uxie|194/257|[from] item: Leftovers
|-heal|p1a: Qwilfish|96/246|[from] item: Black Sludge
|upkeep
|turn|3
|
|t:|1685135905
|switch|p1a: Copperajah|Copperajah, L84, M|342/342
|move|p2a: Uxie|Psychic|p1a: Copperajah
|-resisted|p1a: Copperajah
|-damage|p1a: Copperajah|297/342
|
|-weather|Sandstorm|[upkeep]
|-damage|p2a: Uxie|178/257|[from] Sandstorm
|-heal|p2a: Uxie|194/257|[from] item: Leftovers
|upkeep
|turn|4
|
|t:|1685135911
|move|p2a: Uxie|Stealth Rock|p1a: Copperajah
|-sidestart|p1: gareeb adani|move: Stealth Rock
|move|p1a: Copperajah|Power Whip|p2a: Uxie
|-damage|p2a: Uxie|67/257
|
|-weather|Sandstorm|[upkeep]
|-damage|p2a: Uxie|51/257|[from] Sandstorm
|-heal|p2a: Uxie|67/257|[from] item: Leftovers
|upkeep
|turn|5
|
|t:|1685135918
|switch|p2a: Arcanine|Arcanine, L82, F|282/282
|-ability|p2a: Arcanine|Intimidate|boost
|-unboost|p1a: Copperajah|atk|1
|move|p1a: Copperajah|Power Whip|p2a: Arcanine
|-resisted|p2a: Arcanine
|-damage|p2a: Arcanine|226/282
|
|-weather|none
|upkeep
|turn|6
|
|t:|1685135927
|switch|p1a: Qwilfish|Qwilfish, L84, F|96/246
|-damage|p1a: Qwilfish|66/246|[from] Stealth Rock
|-ability|p1a: Qwilfish|Intimidate|boost
|-unboost|p2a: Arcanine|atk|1
|move|p2a: Arcanine|Flare Blitz|p1a: Qwilfish
|-resisted|p1a: Qwilfish
|-damage|p1a: Qwilfish|23/246
|-damage|p2a: Arcanine|212/282|[from] Recoil
|
|-heal|p1a: Qwilfish|38/246|[from] item: Black Sludge
|upkeep
|turn|7
|
|t:|1685135934
|move|p2a: Arcanine|Flare Blitz|p1a: Qwilfish
|-resisted|p1a: Qwilfish
|-damage|p1a: Qwilfish|0 fnt
|faint|p1a: Qwilfish
|-damage|p2a: Arcanine|199/282|[from] Recoil
|
|upkeep
|
|t:|1685135942
|switch|p1a: Araquanid|Araquanid, L80, M|240/240
|turn|8
|
|t:|1685135967
|switch|p2a: Klefki|Klefki, L82, M|228/228
|move|p1a: Araquanid|Sticky Web|p2a: Klefki
|-sidestart|p2: MyPasswordIsPeePee|move: Sticky Web
|
|upkeep
|turn|9
|l|☆gareeb adani
|inactive|gareeb adani disconnected and has a minute to reconnect!
|player|p1|
|inactive|gareeb adani has 30 seconds to reconnect!
|inactive|gareeb adani has 20 seconds to reconnect!
|inactive|gareeb adani has 15 seconds to reconnect!
|inactive|gareeb adani has 10 seconds to reconnect!
|j|☆gareeb adani
|inactive|gareeb adani reconnected and has 85 seconds left.
|player|p1|gareeb adani|2
|
|t:|1685136035
|move|p2a: Klefki|Spikes|p1a: Araquanid
|-sidestart|p1: gareeb adani|Spikes
|move|p1a: Araquanid|Liquidation|p2a: Klefki
|-damage|p2a: Klefki|90/228
|
|-heal|p2a: Klefki|104/228|[from] item: Leftovers
|upkeep
|turn|10
|
|t:|1685136050
|move|p2a: Klefki|Toxic|p1a: Araquanid
|-status|p1a: Araquanid|tox
|move|p1a: Araquanid|Liquidation|p2a: Klefki
|-damage|p2a: Klefki|0 fnt
|faint|p2a: Klefki
|
|-damage|p1a: Araquanid|225/240 tox|[from] psn
|upkeep
|inactive|MyPasswordIsPeePee has 120 seconds left.
|
|t:|1685136066
|switch|p2a: Bronzong|Bronzong, L83|247/247
|turn|11
|
|t:|1685136073
|move|p2a: Bronzong|Protect|p2a: Bronzong
|-singleturn|p2a: Bronzong|Protect
|move|p1a: Araquanid|Liquidation|p2a: Bronzong
|-activate|p2a: Bronzong|move: Protect
|
|-damage|p1a: Araquanid|195/240 tox|[from] psn
|upkeep
|turn|12
|
|t:|1685136077
|move|p1a: Araquanid|Liquidation|p2a: Bronzong
|-crit|p2a: Bronzong
|-damage|p2a: Bronzong|88/247
|-unboost|p2a: Bronzong|def|1
|move|p2a: Bronzong|Iron Head|p1a: Araquanid
|-resisted|p1a: Araquanid
|-damage|p1a: Araquanid|152/240 tox
|
|-heal|p2a: Bronzong|103/247|[from] item: Leftovers
|-damage|p1a: Araquanid|107/240 tox|[from] psn
|upkeep
|turn|13
|
|t:|1685136083
|switch|p1a: Hitmontop|Hitmontop, L85, M|224/224
|-damage|p1a: Hitmontop|210/224|[from] Stealth Rock
|-damage|p1a: Hitmontop|182/224|[from] Spikes
|move|p2a: Bronzong|Protect||[still]
|-fail|p2a: Bronzong
|
|-heal|p2a: Bronzong|118/247|[from] item: Leftovers
|upkeep
|turn|14
|
|t:|1685136089
|move|p1a: Hitmontop|Rapid Spin|p2a: Bronzong
|-resisted|p2a: Bronzong
|-damage|p2a: Bronzong|86/247
|-boost|p1a: Hitmontop|spe|1
|-sideend|p1: gareeb adani|Spikes|[from] move: Rapid Spin|[of] p1a: Hitmontop
|-sideend|p1: gareeb adani|Stealth Rock|[from] move: Rapid Spin|[of] p1a: Hitmontop
|move|p2a: Bronzong|Toxic|p1a: Hitmontop
|-status|p1a: Hitmontop|tox
|
|-heal|p2a: Bronzong|101/247|[from] item: Leftovers
|-damage|p1a: Hitmontop|168/224 tox|[from] psn
|upkeep
|turn|15
|
|t:|1685136094
|move|p2a: Bronzong|Protect|p2a: Bronzong
|-singleturn|p2a: Bronzong|Protect
|move|p1a: Hitmontop|Close Combat|p2a: Bronzong
|-activate|p2a: Bronzong|move: Protect
|
|-heal|p2a: Bronzong|116/247|[from] item: Leftovers
|-damage|p1a: Hitmontop|140/224 tox|[from] psn
|upkeep
|turn|16
|
|t:|1685136096
|switch|p2a: Uxie|Uxie, L82|67/257
|move|p1a: Hitmontop|Close Combat|p2a: Uxie
|-resisted|p2a: Uxie
|-damage|p2a: Uxie|22/257
|-unboost|p1a: Hitmontop|def|1
|-unboost|p1a: Hitmontop|spd|1
|
|-heal|p2a: Uxie|38/257|[from] item: Leftovers
|-damage|p1a: Hitmontop|98/224 tox|[from] psn
|upkeep
|turn|17
|
|t:|1685136104
|switch|p2a: Arcanine|Arcanine, L82, F|199/282
|-ability|p2a: Arcanine|Intimidate|boost
|-unboost|p1a: Hitmontop|atk|1
|move|p1a: Hitmontop|Triple Axel|p2a: Arcanine
|-resisted|p2a: Arcanine
|-damage|p2a: Arcanine|191/282
|-resisted|p2a: Arcanine
|-damage|p2a: Arcanine|177/282
|-resisted|p2a: Arcanine
|-damage|p2a: Arcanine|155/282
|-hitcount|p2a: Arcanine|3
|
|-damage|p1a: Hitmontop|42/224 tox|[from] psn
|upkeep
|turn|18
|
|t:|1685136107
|switch|p1a: Araquanid|Araquanid, L80, M|107/240 tox
|move|p2a: Arcanine|Morning Sun|p2a: Arcanine
|-heal|p2a: Arcanine|282/282
|
|-damage|p1a: Araquanid|92/240 tox|[from] psn
|upkeep
|turn|19
|
|t:|1685136110
|move|p2a: Arcanine|Wild Charge|p1a: Araquanid
|-supereffective|p1a: Araquanid
|-damage|p1a: Araquanid|0 fnt
|faint|p1a: Araquanid
|-damage|p2a: Arcanine|259/282|[from] Recoil
|
|upkeep
|
|t:|1685136127
|switch|p1a: Flapple|Flapple, L84, F|255/255
|turn|20
|
|t:|1685136144
|move|p2a: Arcanine|Will-O-Wisp|p1a: Flapple|[miss]
|-miss|p2a: Arcanine|p1a: Flapple
|move|p1a: Flapple|Dragon Dance|p1a: Flapple
|-boost|p1a: Flapple|atk|1
|-boost|p1a: Flapple|spe|1
|
|upkeep
|turn|21
|c|☆MyPasswordIsPeePee|:(
|
|t:|1685136163
|switch|p2a: Bronzong|Bronzong, L83|116/247
|-start|p1a: Flapple|Dynamax|
|-heal|p1a: Flapple|510/510|[silent]
|move|p1a: Flapple|Max Wyrmwind|p2a: Bronzong
|-resisted|p2a: Bronzong
|-damage|p2a: Bronzong|0 fnt
|faint|p2a: Bronzong
|-damage|p1a: Flapple|485/510|[from] item: Life Orb
|
|upkeep
|
|t:|1685136170
|switch|p2a: Hippowdon|Hippowdon, L80, M|304/304
|-activate|p2a: Hippowdon|move: Sticky Web
|-unboost|p2a: Hippowdon|spe|1
|-weather|Sandstorm|[from] ability: Sand Stream|[of] p2a: Hippowdon
|turn|22
|
|t:|1685136173
|switch|p2a: Goodra|Goodra, L82, F|282/282
|-activate|p2a: Goodra|move: Sticky Web
|-unboost|p2a: Goodra|spe|1
|move|p1a: Flapple|Max Overgrowth|p2a: Goodra
|-ability|p2a: Goodra|Sap Sipper|boost
|-boost|p2a: Goodra|atk|1
|
|-weather|Sandstorm|[upkeep]
|-damage|p1a: Flapple|470/510|[from] Sandstorm
|-damage|p2a: Goodra|265/282|[from] Sandstorm
|upkeep
|turn|23
|
|t:|1685136177
|switch|p2a: Uxie|Uxie, L82|38/257
|move|p1a: Flapple|Max Wyrmwind|p2a: Uxie
|-damage|p2a: Uxie|0 fnt
|faint|p2a: Uxie
|-damage|p1a: Flapple|445/510|[from] item: Life Orb
|
|-weather|Sandstorm|[upkeep]
|-damage|p1a: Flapple|430/510|[from] Sandstorm
|upkeep
|
|t:|1685136179
|switch|p2a: Arcanine|Arcanine, L82, F|259/282
|-ability|p2a: Arcanine|Intimidate|boost
|-unboost|p1a: Flapple|atk|1
|-end|p1a: Flapple|Dynamax
|-heal|p1a: Flapple|215/255|[silent]
|turn|24
|
|t:|1685136183
|move|p1a: Flapple|Outrage|p2a: Arcanine
|-damage|p2a: Arcanine|0 fnt
|faint|p2a: Arcanine
|-damage|p1a: Flapple|190/255|[from] item: Life Orb
|
|-weather|Sandstorm|[upkeep]
|-damage|p1a: Flapple|175/255|[from] Sandstorm
|upkeep
|
|t:|1685136194
|switch|p2a: Hippowdon|Hippowdon, L80, M|304/304
|-activate|p2a: Hippowdon|move: Sticky Web
|-unboost|p2a: Hippowdon|spe|1
|turn|25
|
|t:|1685136197
|move|p1a: Flapple|Outrage|p2a: Hippowdon|[from]lockedmove|[miss]
|-miss|p1a: Flapple|p2a: Hippowdon
|-start|p1a: Flapple|confusion|[fatigue]
|move|p2a: Hippowdon|Toxic|p1a: Flapple
|-status|p1a: Flapple|tox
|
|-weather|Sandstorm|[upkeep]
|-damage|p1a: Flapple|160/255 tox|[from] Sandstorm
|-damage|p1a: Flapple|145/255 tox|[from] psn
|upkeep
|turn|26
|
|t:|1685136201
|switch|p2a: Goodra|Goodra, L82, F|265/282
|-activate|p2a: Goodra|move: Sticky Web
|-unboost|p2a: Goodra|spe|1
|-activate|p1a: Flapple|confusion
|move|p1a: Flapple|Grav Apple|p2a: Goodra
|-ability|p2a: Goodra|Sap Sipper|boost
|-boost|p2a: Goodra|atk|1
|
|-weather|none
|-damage|p1a: Flapple|115/255 tox|[from] psn
|upkeep
|turn|27
|
|t:|1685136204
|switch|p2a: Hippowdon|Hippowdon, L80, M|304/304
|-activate|p2a: Hippowdon|move: Sticky Web
|-unboost|p2a: Hippowdon|spe|1
|-weather|Sandstorm|[from] ability: Sand Stream|[of] p2a: Hippowdon
|-activate|p1a: Flapple|confusion
|move|p1a: Flapple|Outrage|p2a: Hippowdon
|-damage|p2a: Hippowdon|84/304
|-damage|p1a: Flapple|90/255 tox|[from] item: Life Orb
|
|-weather|Sandstorm|[upkeep]
|-damage|p1a: Flapple|75/255 tox|[from] Sandstorm
|-heal|p2a: Hippowdon|103/304|[from] item: Leftovers
|-damage|p1a: Flapple|30/255 tox|[from] psn
|upkeep
|turn|28
|
|t:|1685136208
|-activate|p1a: Flapple|confusion
|-damage|p1a: Flapple|0 fnt|[from] confusion
|faint|p1a: Flapple
|move|p2a: Hippowdon|Slack Off|p2a: Hippowdon
|-heal|p2a: Hippowdon|255/304
|
|-weather|Sandstorm|[upkeep]
|-heal|p2a: Hippowdon|274/304|[from] item: Leftovers
|upkeep
|
|t:|1685136211
|switch|p1a: Ninetales|Ninetales-Alola, L79, M|245/245
|-weather|Hail|[from] ability: Snow Warning|[of] p1a: Ninetales
|turn|29
|
|t:|1685136218
|move|p1a: Ninetales|Nasty Plot|p1a: Ninetales
|-boost|p1a: Ninetales|spa|2
|move|p2a: Hippowdon|Toxic|p1a: Ninetales
|-status|p1a: Ninetales|tox
|
|-weather|Hail|[upkeep]
|-damage|p2a: Hippowdon|255/304|[from] Hail
|-heal|p2a: Hippowdon|274/304|[from] item: Leftovers
|-damage|p1a: Ninetales|230/245 tox|[from] psn
|upkeep
|turn|30
|
|t:|1685136244
|switch|p2a: Goodra|Goodra, L82, F|265/282
|-activate|p2a: Goodra|move: Sticky Web
|-unboost|p2a: Goodra|spe|1
|move|p1a: Ninetales|Blizzard|p2a: Goodra
|-supereffective|p2a: Goodra
|-damage|p2a: Goodra|17/282
|
|-weather|Hail|[upkeep]
|-damage|p2a: Goodra|0 fnt|[from] Hail
|faint|p2a: Goodra
|-damage|p1a: Ninetales|200/245 tox|[from] psn
|upkeep
|
|t:|1685136246
|switch|p2a: Hippowdon|Hippowdon, L80, M|274/304
|-activate|p2a: Hippowdon|move: Sticky Web
|-unboost|p2a: Hippowdon|spe|1
|-weather|Sandstorm|[from] ability: Sand Stream|[of] p2a: Hippowdon
|turn|31
|
|t:|1685136263
|-start|p2a: Hippowdon|Dynamax|
|-heal|p2a: Hippowdon|548/608|[silent]
|move|p1a: Ninetales|Freeze-Dry|p2a: Hippowdon
|-supereffective|p2a: Hippowdon
|-damage|p2a: Hippowdon|282/608
|move|p2a: Hippowdon|Max Quake|p1a: Ninetales
|-damage|p1a: Ninetales|37/245 tox
|-boost|p2a: Hippowdon|spd|1
|
|-weather|Sandstorm|[upkeep]
|-damage|p1a: Ninetales|22/245 tox|[from] Sandstorm
|-heal|p2a: Hippowdon|301/608|[from] item: Leftovers
|-damage|p1a: Ninetales|0 fnt|[from] psn
|faint|p1a: Ninetales
|upkeep
|
|t:|1685136268
|switch|p1a: Hitmontop|Hitmontop, L85, M|42/224 tox
|turn|32
|
|t:|1685136288
|move|p1a: Hitmontop|Triple Axel|p2a: Hippowdon
|-supereffective|p2a: Hippowdon
|-damage|p2a: Hippowdon|265/608
|-supereffective|p2a: Hippowdon
|-damage|p2a: Hippowdon|197/608
|-supereffective|p2a: Hippowdon
|-damage|p2a: Hippowdon|79/608
|-hitcount|p2a: Hippowdon|3
|move|p2a: Hippowdon|Max Quake|p1a: Hitmontop
|-damage|p1a: Hitmontop|0 fnt
|-boost|p2a: Hippowdon|spd|1
|faint|p1a: Hitmontop
|
|-weather|Sandstorm|[upkeep]
|-heal|p2a: Hippowdon|98/608|[from] item: Leftovers
|upkeep
|
|t:|1685136295
|switch|p1a: Copperajah|Copperajah, L84, M|297/342
|turn|33
|
|t:|1685136298
|move|p1a: Copperajah|Power Whip|p2a: Hippowdon
|-supereffective|p2a: Hippowdon
|-damage|p2a: Hippowdon|0 fnt
|faint|p2a: Hippowdon
|
|win|gareeb adani
|raw|gareeb adani's rating: 1472 &rarr; <strong>1503</strong><br />(+31 for winning)
|raw|MyPasswordIsPeePee's rating: 1685 &rarr; <strong>1654</strong><br />(-31 for losing)
