{"id": "gen8randombattle-1873961939", "p1": "LiJing0520", "p2": "JB575", "format": "[Gen 8] Random Battle", "log": "|j|\u2606LiJing0520\n|j|\u2606JB575\n|t:|1685449596\n|gametype|singles\n|player|p1|LiJing0520|169|1040\n|player|p2|JB575|169|1033\n|teamsize|p1|6\n|teamsize|p2|6\n|gen|8\n|tier|[Gen 8] Random Battle\n|rated|\n|rule|Species Clause: Limit one of each Pok\u00e9mon\n|rule|HP Percentage Mod: HP is shown in percentages\n|rule|Sleep Clause Mod: Limit one foe put to sleep\n|\n|t:|1685449596\n|start\n|switch|p1a: Naganadel|Naganadel, L74|230/230\n|switch|p2a: Urshifu|Urshifu, L76, F|277/277\n|turn|1\n|inactive|Battle timer is ON: inactive players will automatically lose when time's up. (requested by JB575)\n|c|\u2606JB575|!weakness naganadel\n|c| JB575|/raw <div class=\"infobox\">Naganadel (ignoring abilities):<br /><span class=\"message-effect-weak\">Weaknesses</span>: Dragon, Ground, Ice, Psychic<br /><span class=\"message-effect-resist\">Resistances</span>: Bug, Electric, Fighting, Fire, <b>Grass</b>, Poison, Water<br /><span class=\"message-effect-immune\">Immunities</span>: Toxic</div>\n|\n|t:|1685449633\n|move|p2a: Urshifu|Wicked Blow|p1a: Naganadel\n|-crit|p1a: Naganadel\n|-damage|p1a: Naganadel|52/230\n|move|p1a: Naganadel|Draco Meteor|p2a: Urshifu\n|-damage|p2a: Urshifu|38/277\n|-unboost|p1a: Naganadel|spa|2\n|-damage|p1a: Naganadel|29/230|[from] item: Life Orb\n|\n|upkeep\n|turn|2\n|\n|t:|1685449652\n|switch|p1a: Keldeo|Keldeo-Resolute, L79|273/273\n|move|p2a: Urshifu|Wicked Blow|p1a: Keldeo\n|-resisted|p1a: Keldeo\n|-crit|p1a: Keldeo\n|-damage|p1a: Keldeo|204/273\n|-ability|p1a: Keldeo|Justified|boost\n|-boost|p1a: Keldeo|atk|1\n|\n|upkeep\n|turn|3\n|\n|t:|1685449667\n|switch|p2a: Zacian|Zacian, L68|238/238\n|-ability|p2a: Zacian|Intrepid Sword|boost\n|-boost|p2a: Zacian|atk|1\n|move|p1a: Keldeo|Secret Sword|p2a: Zacian\n|-resisted|p2a: Zacian\n|-damage|p2a: Zacian|173/238\n|-damage|p1a: Keldeo|177/273|[from] item: Life Orb\n|\n|upkeep\n|turn|4\n|\n|t:|1685449683\n|-start|p1a: Keldeo|Dynamax|\n|-heal|p1a: Keldeo|354/546|[silent]\n|move|p2a: Zacian|Swords Dance|p2a: Zacian\n|-boost|p2a: Zacian|atk|2\n|move|p1a: Keldeo|Max Geyser|p2a: Zacian\n|-damage|p2a: Zacian|0 fnt\n|-weather|RainDance\n|faint|p2a: Zacian\n|-damage|p1a: Keldeo|327/546|[from] item: Life Orb\n|\n|-weather|RainDance|[upkeep]\n|upkeep\n|\n|t:|1685449700\n|switch|p2a: Urshifu|Urshifu, L76, F|38/277\n|turn|5\n|\n|t:|1685449717\n|move|p2a: Urshifu|Close Combat|p1a: Keldeo\n|-crit|p1a: Keldeo\n|-damage|p1a: Keldeo|116/546\n|-unboost|p2a: Urshifu|def|1\n|-unboost|p2a: Urshifu|spd|1\n|move|p1a: Keldeo|Max Geyser|p2a: Urshifu\n|-damage|p2a: Urshifu|0 fnt\n|faint|p2a: Urshifu\n|-damage|p1a: Keldeo|89/546|[from] item: Life Orb\n|\n|-weather|RainDance|[upkeep]\n|upkeep\n|\n|t:|1685449728\n|switch|p2a: Yveltal|Yveltal, L69|288/288\n|-ability|p2a: Yveltal|Dark Aura\n|turn|6\n|\n|t:|1685449736\n|-start|p2a: Yveltal|Dynamax|\n|-heal|p2a: Yveltal|576/576|[silent]\n|move|p2a: Yveltal|Max Guard|p2a: Yveltal\n|-singleturn|p2a: Yveltal|Max Guard\n|move|p1a: Keldeo|Max Geyser|p2a: Yveltal\n|-activate|p2a: Yveltal|move: Max Guard\n|\n|-weather|RainDance|[upkeep]\n|upkeep\n|-end|p1a: Keldeo|Dynamax\n|-heal|p1a: Keldeo|45/273|[silent]\n|turn|7\n|\n|t:|1685449751\n|move|p1a: Keldeo|Secret Sword|p2a: Yveltal\n|-damage|p2a: Yveltal|420/576\n|-damage|p1a: Keldeo|18/273|[from] item: Life Orb\n|move|p2a: Yveltal|Max Darkness|p1a: Keldeo\n|-resisted|p1a: Keldeo\n|-damage|p1a: Keldeo|0 fnt\n|faint|p1a: Keldeo\n|\n|-weather|RainDance|[upkeep]\n|upkeep\n|\n|t:|1685449764\n|switch|p1a: Regieleki|Regieleki, L78|253/253\n|turn|8\n|\n|t:|1685449772\n|move|p1a: Regieleki|Thunderbolt|p2a: Yveltal\n|-supereffective|p2a: Yveltal\n|-damage|p2a: Yveltal|90/576\n|move|p2a: Yveltal|Max Darkness|p1a: Regieleki\n|-crit|p1a: Regieleki\n|-damage|p1a: Regieleki|0 fnt\n|faint|p1a: Regieleki\n|\n|-weather|none\n|upkeep\n|\n|t:|1685449782\n|switch|p1a: Roserade|Roserade, L84, M|238/238\n|-end|p2a: Yveltal|Dynamax\n|-heal|p2a: Yveltal|45/288|[silent]\n|turn|9\n|\n|t:|1685449792\n|move|p1a: Roserade|Sludge Bomb|p2a: Yveltal\n|-crit|p2a: Yveltal\n|-damage|p2a: Yveltal|0 fnt\n|faint|p2a: Yveltal\n|\n|upkeep\n|\n|t:|1685449798\n|switch|p2a: Falinks|Falinks, L84|246/246\n|turn|10\n|l|\u2606LiJing0520\n|inactive|LiJing0520 disconnected and has a minute to reconnect!\n|player|p1|\n|j|\u2606LiJing0520\n|inactive|LiJing0520 reconnected and has 140 seconds left.\n|player|p1|LiJing0520|169\n|\n|t:|1685449819\n|move|p1a: Roserade|Leaf Storm|p2a: Falinks\n|-damage|p2a: Falinks|30/246\n|-unboost|p1a: Roserade|spa|2\n|move|p2a: Falinks|No Retreat|p2a: Falinks\n|-boost|p2a: Falinks|atk|1\n|-boost|p2a: Falinks|def|1\n|-boost|p2a: Falinks|spa|1\n|-boost|p2a: Falinks|spd|1\n|-boost|p2a: Falinks|spe|1\n|-start|p2a: Falinks|move: No Retreat\n|\n|upkeep\n|turn|11\n|\n|t:|1685449829\n|move|p2a: Falinks|Close Combat|p1a: Roserade\n|-resisted|p1a: Roserade\n|-damage|p1a: Roserade|81/238\n|-unboost|p2a: Falinks|def|1\n|-unboost|p2a: Falinks|spd|1\n|-damage|p2a: Falinks|6/246|[from] item: Life Orb\n|move|p1a: Roserade|Sludge Bomb|p2a: Falinks\n|-damage|p2a: Falinks|0 fnt\n|faint|p2a: Falinks\n|\n|-heal|p1a: Roserade|95/238|[from] item: Black Sludge\n|upkeep\n|\n|t:|1685449845\n|switch|p2a: Stakataka|Stakataka, L80|229/229\n|-item|p2a: Stakataka|Air Balloon\n|turn|12\n|\n|t:|1685449870\n|switch|p1a: Moltres|Moltres-Galar, L75|259/259\n|move|p2a: Stakataka|Earthquake|p1a: Moltres\n|-immune|p1a: Moltres\n|\n|upkeep\n|turn|13\n|inactive|LiJing0520 has 120 seconds left.\n|\n|t:|1685449885\n|move|p1a: Moltres|Fiery Wrath|p2a: Stakataka\n|-damage|p2a: Stakataka|147/229\n|-enditem|p2a: Stakataka|Air Balloon\n|move|p2a: Stakataka|Stone Edge|p1a: Moltres\n|-supereffective|p1a: Moltres\n|-damage|p1a: Moltres|5/259\n|-ability|p1a: Moltres|Berserk|boost\n|-boost|p1a: Moltres|spa|1\n|\n|upkeep\n|turn|14\n|\n|t:|1685449895\n|move|p1a: Moltres|Fiery Wrath|p2a: Stakataka\n|-damage|p2a: Stakataka|32/229\n|move|p2a: Stakataka|Gyro Ball|p1a: Moltres\n|-damage|p1a: Moltres|0 fnt\n|faint|p1a: Moltres\n|-ability|p2a: Stakataka|Beast Boost|boost\n|-boost|p2a: Stakataka|def|1\n|\n|upkeep\n|\n|t:|1685449903\n|switch|p1a: Roserade|Roserade, L84, M|95/238\n|turn|15\n|\n|t:|1685449909\n|move|p1a: Roserade|Leaf Storm|p2a: Stakataka\n|-damage|p2a: Stakataka|0 fnt\n|-unboost|p1a: Roserade|spa|2\n|faint|p2a: Stakataka\n|\n|-heal|p1a: Roserade|109/238|[from] item: Black Sludge\n|upkeep\n|\n|t:|1685449915\n|switch|p2a: Coalossal|Coalossal, L87, F|333/333\n|turn|16\n|\n|t:|1685449930\n|switch|p1a: Naganadel|Naganadel, L74|29/230\n|move|p2a: Coalossal|Overheat|p1a: Naganadel\n|-resisted|p1a: Naganadel\n|-damage|p1a: Naganadel|0 fnt\n|-unboost|p2a: Coalossal|spa|2\n|faint|p1a: Naganadel\n|\n|upkeep\n|\n|t:|1685449938\n|switch|p1a: Sandslash|Sandslash-Alola, L86, M|269/269\n|turn|17\n|\n|t:|1685449946\n|move|p1a: Sandslash|Knock Off|p2a: Coalossal\n|-damage|p2a: Coalossal|276/333\n|-enditem|p2a: Coalossal|Heavy-Duty Boots|[from] move: Knock Off|[of] p1a: Sandslash\n|move|p2a: Coalossal|Overheat|p1a: Sandslash\n|-supereffective|p1a: Sandslash\n|-damage|p1a: Sandslash|65/269\n|-unboost|p2a: Coalossal|spa|2\n|\n|upkeep\n|turn|18\n|\n|t:|1685449960\n|move|p1a: Sandslash|Iron Head|p2a: Coalossal\n|-damage|p2a: Coalossal|204/333\n|-status|p1a: Sandslash|brn|[from] ability: Flame Body|[of] p2a: Coalossal\n|cant|p2a: Coalossal|flinch\n|\n|-damage|p1a: Sandslash|49/269 brn|[from] brn\n|upkeep\n|turn|19\n|\n|t:|1685449968\n|move|p1a: Sandslash|Iron Head|p2a: Coalossal\n|-damage|p2a: Coalossal|168/333\n|move|p2a: Coalossal|Stone Edge|p1a: Sandslash\n|-damage|p1a: Sandslash|0 fnt\n|faint|p1a: Sandslash\n|\n|upkeep\n|\n|t:|1685449974\n|switch|p1a: Roserade|Roserade, L84, M|109/238\n|turn|20\n|\n|t:|1685449979\n|move|p1a: Roserade|Sludge Bomb|p2a: Coalossal\n|-resisted|p2a: Coalossal\n|-damage|p2a: Coalossal|114/333\n|-status|p2a: Coalossal|psn\n|move|p2a: Coalossal|Will-O-Wisp|p1a: Roserade\n|-status|p1a: Roserade|brn\n|\n|-heal|p1a: Roserade|123/238 brn|[from] item: Black Sludge\n|-damage|p2a: Coalossal|73/333 psn|[from] psn\n|-damage|p1a: Roserade|109/238 brn|[from] brn\n|upkeep\n|turn|21\n|\n|t:|1685449991\n|move|p1a: Roserade|Leaf Storm|p2a: Coalossal\n|-damage|p2a: Coalossal|0 fnt\n|-unboost|p1a: Roserade|spa|2\n|faint|p2a: Coalossal\n|\n|win|LiJing0520\n|raw|LiJing0520's rating: 1040 &rarr; <strong>1073</strong><br />(+33 for winning)\n|raw|JB575's rating: 1033 &rarr; <strong>1018</strong><br />(-15 for losing)\n|l|\u2606JB575\n", "inputlog": ">version 6fec31d5a0d4498a06105aa188c9906bc0b6bf95\n>start {\"formatid\":\"gen8randombattle\",\"seed\":[57743,53774,52855,41977],\"rated\":\"Rated battle\"}\n>player p1 {\"name\":\"LiJing0520\",\"avatar\":\"169\",\"rating\":1040,\"seed\":[64441,57630,16387,48472]}\n>player p2 {\"name\":\"JB575\",\"avatar\":\"169\",\"rating\":1033,\"seed\":[25649,43869,56084,22361]}\n>chat \u2606JB575|!weakness naganadel\n>p1 move dracometeor\n>p2 move wickedblow\n>p1 switch 4\n>p2 move wickedblow\n>p1 move secretsword\n>p2 switch 6\n>p1 move scald dynamax\n>p2 move swordsdance\n>p2 switch 6\n>p1 move scald dynamax\n>p2 move closecombat\n>p2 switch 4\n>p1 move scald dynamax\n>p2 move roost dynamax\n>p1 move secretsword\n>p2 move knockoff dynamax\n>p1 switch 2\n>p1 move thunderbolt\n>p2 move knockoff dynamax\n>p1 switch 3\n>p1 move sludgebomb\n>p2 move oblivionwing\n>p2 switch 2\n>p1 move leafstorm\n>p2 move noretreat\n>p1 move sludgebomb\n>p2 move closecombat\n>p2 switch 5\n>p1 switch 5\n>p2 move earthquake\n>p1 move fierywrath\n>p2 move stoneedge\n>p1 move fierywrath\n>p2 move gyroball\n>p1 switch 5\n>p1 move leafstorm\n>p2 move gyroball\n>p2 switch 3\n>p1 switch 4\n>p2 move overheat\n>p1 switch 6\n>p1 move knockoff\n>p2 move overheat\n>p1 move ironhead\n>p2 move stoneedge\n>p1 move ironhead\n>p2 move stoneedge\n>p1 switch 4\n>p1 move sludgebomb\n>p2 move willowisp\n>p1 move leafstorm\n>p2 move overheat", "uploadtime": 1685449997, "views": 3, "p1id": "lijing0520", "p2id": "jb575", "formatid": "gen8randombattle", "rating": 1018, "private": 0, "password": ""}