{"id": "gen8randombattle-1871514556", "p1": "pokemonkorea co kr", "p2": "Flinchhaxisgreat~", "format": "[Gen 8] Random Battle", "log": "|j|\u2606pokemonkorea co kr\n|j|\u2606Flinchhaxisgreat~\n|inactive|Battle timer is ON: inactive players will automatically lose when time's up.\n|t:|1685101359\n|gametype|singles\n|j|*Lady Monita\n|player|p1|pokemonkorea co kr|wally|\n|player|p2|Flinchhaxisgreat~|ethan-pokeathlon|\n|teamsize|p1|24\n|teamsize|p2|24\n|gen|8\n|tier|[Gen 8] Random Battle\n|rated|Tournament battle\n|rule|Species Clause: Limit one of each Pok\u00e9mon\n|rule|HP Percentage Mod: HP is shown in percentages\n|rule|Sleep Clause Mod: Limit one foe put to sleep\n|rule|Dynamax Clause: You cannot dynamax\n|clearpoke\n|poke|p1|Umbreon, L84, M|\n|poke|p1|Slurpuff, L84, M|\n|poke|p1|Cursola, L88, M|\n|poke|p1|Orbeetle, L88, M|\n|poke|p1|Naganadel, L76|\n|poke|p1|Polteageist, L84|\n|poke|p1|Cobalion, L82|\n|poke|p1|Zarude-Dada, L82|\n|poke|p1|Slowbro-Galar, L83, F|\n|poke|p1|Throh, L88, M|\n|poke|p1|Porygon-Z, L85|\n|poke|p1|Scyther, L87, M|\n|poke|p1|Bisharp, L80, M|\n|poke|p1|Nihilego, L82|\n|poke|p1|Kartana, L80|\n|poke|p1|Kingler, L87, F|\n|poke|p1|Gothitelle, L88, M|\n|poke|p1|Qwilfish, L88, M|\n|poke|p1|Mesprit, L88|\n|poke|p1|Registeel, L84|\n|poke|p1|Zapdos-Galar, L81|\n|poke|p1|Leafeon, L88, F|\n|poke|p1|Frosmoth, L88, F|\n|poke|p1|Vespiquen, L96, F|\n|poke|p2|Boltund, L88, M|\n|poke|p2|Beartic, L88, M|\n|poke|p2|Tyrantrum, L86, M|\n|poke|p2|Mamoswine, L82, F|\n|poke|p2|Crobat, L84, M|\n|poke|p2|Seismitoad, L84, F|\n|poke|p2|Klefki, L84, F|\n|poke|p2|Stakataka, L86|\n|poke|p2|Magmortar, L88, M|\n|poke|p2|Xurkitree, L84|\n|poke|p2|Dugtrio, L84, M|\n|poke|p2|Kyurem-Black, L76|\n|poke|p2|Incineroar, L84, F|\n|poke|p2|Type: Null, L88|\n|poke|p2|Obstagoon, L83, F|\n|poke|p2|Carbink, L88|\n|poke|p2|Quagsire, L88, F|\n|poke|p2|Emolga, L88, M|\n|poke|p2|Jolteon, L84, M|\n|poke|p2|Blacephalon, L80|\n|poke|p2|Indeedee, L85, M|\n|poke|p2|Jellicent, L88, F|\n|poke|p2|Wobbuffet, L86, M|\n|poke|p2|Vikavolt, L88, F|\n|teampreview|6\n|inactive|pokemonkorea co kr has 120 seconds left.\n|inactive|Flinchhaxisgreat~ has 120 seconds left.\n|inactive|pokemonkorea co kr has 90 seconds left.\n|inactive|Flinchhaxisgreat~ has 90 seconds left.\n|\n|t:|1685101444\n|start\n|switch|p1a: Kingler|Kingler, L87, F|324/324\n|switch|p2a: Tyrantrum|Tyrantrum, L86, M|245/245\n|turn|1\n|\n|t:|1685101457\n|move|p1a: Kingler|Waterfall|p2a: Tyrantrum\n|-damage|p2a: Tyrantrum|181/245\n|-damage|p1a: Kingler|292/324|[from] item: Life Orb\n|move|p2a: Tyrantrum|Stone Edge|p1a: Kingler\n|-damage|p1a: Kingler|163/324\n|\n|upkeep\n|turn|2\n|\n|t:|1685101463\n|move|p1a: Kingler|Waterfall|p2a: Tyrantrum\n|-damage|p2a: Tyrantrum|115/245\n|-damage|p1a: Kingler|131/324|[from] item: Life Orb\n|cant|p2a: Tyrantrum|flinch\n|\n|upkeep\n|turn|3\n|\n|t:|1685101468\n|move|p1a: Kingler|Waterfall|p2a: Tyrantrum\n|-damage|p2a: Tyrantrum|51/245\n|-damage|p1a: Kingler|99/324|[from] item: Life Orb\n|cant|p2a: Tyrantrum|flinch\n|\n|upkeep\n|turn|4\n|\n|t:|1685101473\n|move|p1a: Kingler|Waterfall|p2a: Tyrantrum\n|-damage|p2a: Tyrantrum|0 fnt\n|faint|p2a: Tyrantrum\n|-damage|p1a: Kingler|67/324|[from] item: Life Orb\n|\n|win|pokemonkorea co kr\n|n|\u2606pokemonkorea co kr|pokemonkoreacokr\n|n|\u2606Flinchhaxisgreat~|flinchhaxisgreat\n|n|*Lady Monita|ladymonita\n|l|*Lady Monita\n", "inputlog": ">version 61c68e60481ef09071210320730fc448fef50368\n>start {\"formatid\":\"gen8randombattle@@@Chimera 1v1 Rule,Dynamax Clause,maxteamsize=24\",\"seed\":[18826,52498,4591,26146],\"rated\":\"Tournament battle\"}\n>player p1 {\"name\":\"pokemonkorea co kr\",\"avatar\":\"wally\",\"rating\":0,\"seed\":[30114,4475,19830,55377]}\n>player p2 {\"name\":\"Flinchhaxisgreat~\",\"avatar\":\"ethan-pokeathlon\",\"rating\":0,\"seed\":[25376,22036,12501,23952]}\n>p1 team 16, 5, 23, 8, 13, 18\n>p2 team 3, 13, 17, 8, 11, 10\n>p1 move waterfall\n>p2 move stoneedge\n>p1 move waterfall\n>p2 move stoneedge\n>p1 move waterfall\n>p2 move stoneedge\n>p1 move waterfall\n>p2 move stoneedge", "uploadtime": 1685101476, "views": 5, "p1id": "pokemonkoreacokr", "p2id": "flinchhaxisgreat", "formatid": "gen8randombattle", "rating": 0, "private": 0, "password": ""}