|j|☆KeanuVGC
|j|☆MushroomButPokemon
|t:|1685315512
|gametype|singles
|player|p1|KeanuVGC|serena-masters3|
|player|p2|MushroomButPokemon|2|
|teamsize|p1|6
|teamsize|p2|6
|gen|8
|tier|[Gen 8] Random Battle
|rule|Species Clause: Limit one of each Pokémon
|rule|HP Percentage Mod: HP is shown in percentages
|rule|Sleep Clause Mod: Limit one foe put to sleep
|
|t:|1685315512
|start
|switch|p1a: Umbreon|Umbreon, L82, M|290/290
|switch|p2a: Scizor|Scizor, L80, F|243/243
|turn|1
|inactive|Battle timer is ON: inactive players will automatically lose when time's up. (requested by KeanuVGC)
|
|t:|1685315532
|move|p1a: Umbreon|Wish|p1a: Umbreon
|move|p2a: Scizor|Swords Dance|p2a: Scizor
|-boost|p2a: Scizor|atk|2
|
|upkeep
|turn|2
|
|t:|1685315538
|move|p2a: Scizor|Bullet Punch|p1a: Umbreon
|-damage|p1a: Umbreon|169/290
|move|p1a: Umbreon|Foul Play|p2a: Scizor
|-damage|p2a: Scizor|21/243
|
|-heal|p1a: Umbreon|290/290|[from] move: Wish|[wisher] Umbreon
|-heal|p2a: Scizor|36/243|[from] item: Leftovers
|upkeep
|turn|3
|
|t:|1685315544
|move|p1a: Umbreon|Foul Play|p2a: Scizor
|-damage|p2a: Scizor|0 fnt
|faint|p2a: Scizor
|
|upkeep
|
|t:|1685315548
|switch|p2a: Zapdos|Zapdos-Galar, L76|262/262
|turn|4
|
|t:|1685315564
|switch|p1a: Aegislash|Aegislash, L80, M|227/227
|move|p2a: Zapdos|Close Combat|p1a: Aegislash
|-immune|p1a: Aegislash
|
|upkeep
|turn|5
|
|t:|1685315577
|move|p2a: Zapdos|Throat Chop|p1a: Aegislash
|-supereffective|p1a: Aegislash
|-damage|p1a: Aegislash|107/227
|-start|p1a: Aegislash|Throat Chop|[silent]
|-damage|p2a: Zapdos|236/262|[from] item: Life Orb
|move|p1a: Aegislash|Substitute|p1a: Aegislash
|-start|p1a: Aegislash|Substitute
|-damage|p1a: Aegislash|51/227
|
|-heal|p1a: Aegislash|65/227|[from] item: Leftovers
|upkeep
|turn|6
|
|t:|1685315583
|move|p1a: Aegislash|King's Shield|p1a: Aegislash
|-singleturn|p1a: Aegislash|Protect
|move|p2a: Zapdos|Throat Chop|p1a: Aegislash
|-activate|p1a: Aegislash|move: Protect
|-unboost|p2a: Zapdos|atk|1
|-ability|p2a: Zapdos|Defiant|boost
|-boost|p2a: Zapdos|atk|2
|
|-heal|p1a: Aegislash|79/227|[from] item: Leftovers
|-end|p1a: Aegislash|Throat Chop|[silent]
|upkeep
|turn|7
|
|t:|1685315590
|move|p2a: Zapdos|Throat Chop|p1a: Aegislash
|-supereffective|p1a: Aegislash
|-end|p1a: Aegislash|Substitute
|-damage|p2a: Zapdos|210/262|[from] item: Life Orb
|move|p1a: Aegislash|Toxic|p2a: Zapdos
|-status|p2a: Zapdos|tox
|
|-heal|p1a: Aegislash|93/227|[from] item: Leftovers
|-damage|p2a: Zapdos|194/262 tox|[from] psn
|upkeep
|turn|8
|
|t:|1685315606
|move|p2a: Zapdos|Throat Chop|p1a: Aegislash
|-supereffective|p1a: Aegislash
|-damage|p1a: Aegislash|0 fnt
|faint|p1a: Aegislash
|-damage|p2a: Zapdos|168/262 tox|[from] item: Life Orb
|
|-damage|p2a: Zapdos|136/262 tox|[from] psn
|upkeep
|
|t:|1685315609
|switch|p1a: Solrock|Solrock, L88|302/302
|turn|9
|
|t:|1685315616
|switch|p2a: Jellicent|Jellicent, L84, M|305/305
|move|p1a: Solrock|Rock Slide|p2a: Jellicent
|-damage|p2a: Jellicent|200/305
|
|-heal|p2a: Jellicent|219/305|[from] item: Leftovers
|upkeep
|turn|10
|
|t:|1685315624
|move|p1a: Solrock|Stealth Rock|p2a: Jellicent
|-sidestart|p2: MushroomButPokemon|move: Stealth Rock
|move|p2a: Jellicent|Scald|p1a: Solrock
|-supereffective|p1a: Solrock
|-damage|p1a: Solrock|134/302
|-status|p1a: Solrock|brn
|
|-heal|p1a: Solrock|152/302 brn|[from] item: Leftovers
|-heal|p2a: Jellicent|238/305|[from] item: Leftovers
|-damage|p1a: Solrock|134/302 brn|[from] brn
|upkeep
|turn|11
|
|t:|1685315632
|move|p1a: Solrock|Rock Slide|p2a: Jellicent
|-damage|p2a: Jellicent|190/305
|move|p2a: Jellicent|Shadow Ball|p1a: Solrock
|-supereffective|p1a: Solrock
|-damage|p1a: Solrock|0 fnt
|faint|p1a: Solrock
|
|-heal|p2a: Jellicent|209/305|[from] item: Leftovers
|upkeep
|inactive|KeanuVGC has 270 seconds left.
|inactive|KeanuVGC has 240 seconds left.
|
|t:|1685315702
|switch|p1a: Umbreon|Umbreon, L82, M|290/290
|turn|12
|
|t:|1685315706
|switch|p2a: Zapdos|Zapdos-Galar, L76|136/262 tox
|-damage|p2a: Zapdos|104/262 tox|[from] Stealth Rock
|move|p1a: Umbreon|Wish|p1a: Umbreon
|
|-damage|p2a: Zapdos|88/262 tox|[from] psn
|upkeep
|turn|13
|
|t:|1685315720
|move|p2a: Zapdos|Close Combat|p1a: Umbreon
|-supereffective|p1a: Umbreon
|-damage|p1a: Umbreon|0 fnt
|-unboost|p2a: Zapdos|def|1
|-unboost|p2a: Zapdos|spd|1
|faint|p1a: Umbreon
|-damage|p2a: Zapdos|62/262 tox|[from] item: Life Orb
|
|-damage|p2a: Zapdos|30/262 tox|[from] psn
|upkeep
|inactive|KeanuVGC has 240 seconds left.
|
|t:|1685315736
|switch|p1a: Greedent|Greedent, L84, F|339/339
|turn|14
|inactive|KeanuVGC has 240 seconds left.
|
|t:|1685315746
|move|p2a: Zapdos|Close Combat|p1a: Greedent
|-supereffective|p1a: Greedent
|-damage|p1a: Greedent|24/339
|-unboost|p2a: Zapdos|def|1
|-unboost|p2a: Zapdos|spd|1
|-enditem|p1a: Greedent|Sitrus Berry|[eat]
|-heal|p1a: Greedent|108/339|[from] item: Sitrus Berry
|-heal|p1a: Greedent|221/339|[from] ability: Cheek Pouch
|-damage|p2a: Zapdos|4/262 tox|[from] item: Life Orb
|move|p1a: Greedent|Body Slam|p2a: Zapdos
|-damage|p2a: Zapdos|0 fnt
|faint|p2a: Zapdos
|
|upkeep
|
|t:|1685315759
|switch|p2a: Pelipper|Pelipper, L86, F|243/243
|-weather|RainDance|[from] ability: Drizzle|[of] p2a: Pelipper
|turn|15
|
|t:|1685315765
|move|p2a: Pelipper|Hurricane|p1a: Greedent
|-damage|p1a: Greedent|95/339
|-start|p1a: Greedent|confusion
|-activate|p1a: Greedent|confusion
|-damage|p1a: Greedent|66/339|[from] confusion
|
|-weather|RainDance|[upkeep]
|upkeep
|turn|16
|
|t:|1685315769
|move|p2a: Pelipper|Hurricane|p1a: Greedent
|-damage|p1a: Greedent|0 fnt
|faint|p1a: Greedent
|
|-weather|RainDance|[upkeep]
|upkeep
|
|t:|1685315772
|switch|p1a: Haxorus|Haxorus, L77, M|244/244
|-ability|p1a: Haxorus|Mold Breaker
|turn|17
|inactive|KeanuVGC has 270 seconds left.
|
|t:|1685315789
|-start|p1a: Haxorus|Dynamax|
|-heal|p1a: Haxorus|488/488|[silent]
|move|p1a: Haxorus|Max Wyrmwind|p2a: Pelipper
|-damage|p2a: Pelipper|95/243
|-unboost|p2a: Pelipper|atk|1
|move|p2a: Pelipper|Hurricane|p1a: Haxorus
|-crit|p1a: Haxorus
|-damage|p1a: Haxorus|253/488
|
|-weather|RainDance|[upkeep]
|upkeep
|turn|18
|
|t:|1685315806
|move|p1a: Haxorus|Max Knuckle|p2a: Pelipper
|-resisted|p2a: Pelipper
|-damage|p2a: Pelipper|63/243
|-boost|p1a: Haxorus|atk|1
|move|p2a: Pelipper|Hurricane|p1a: Haxorus
|-damage|p1a: Haxorus|105/488
|
|-weather|RainDance|[upkeep]
|upkeep
|turn|19
|
|t:|1685315811
|move|p1a: Haxorus|Max Wyrmwind|p2a: Pelipper
|-crit|p2a: Pelipper
|-damage|p2a: Pelipper|0 fnt
|faint|p2a: Pelipper
|
|-weather|none
|upkeep
|
|t:|1685315816
|switch|p2a: Drapion|Drapion, L82, M|249/249
|-damage|p2a: Drapion|218/249|[from] Stealth Rock
|-end|p1a: Haxorus|Dynamax
|-heal|p1a: Haxorus|53/244|[silent]
|turn|20
|
|t:|1685315823
|move|p2a: Drapion|Poison Jab|p1a: Haxorus
|-damage|p1a: Haxorus|0 fnt
|faint|p1a: Haxorus
|-damage|p2a: Drapion|194/249|[from] item: Life Orb
|
|upkeep
|
|t:|1685315826
|switch|p1a: Toxicroak|Toxicroak, L84, F|277/277
|turn|21
|
|t:|1685315833
|move|p2a: Drapion|Earthquake|p1a: Toxicroak
|-supereffective|p1a: Toxicroak
|-damage|p1a: Toxicroak|87/277
|-damage|p2a: Drapion|170/249|[from] item: Life Orb
|move|p1a: Toxicroak|Swords Dance|p1a: Toxicroak
|-boost|p1a: Toxicroak|atk|2
|
|upkeep
|turn|22
|
|t:|1685315836
|move|p2a: Drapion|Earthquake|p1a: Toxicroak
|-supereffective|p1a: Toxicroak
|-damage|p1a: Toxicroak|0 fnt
|faint|p1a: Toxicroak
|-damage|p2a: Drapion|146/249|[from] item: Life Orb
|
|win|MushroomButPokemon
|l|☆KeanuVGC
|c|☆MushroomButPokemon|gg
