{"id": "gen8randombattle-1871823274", "p1": "gareeb adani", "p2": "MyPasswordIsPeePee", "format": "[Gen 8] Random Battle", "log": "|j|\u2606gareeb adani\n|j|\u2606MyPasswordIsPeePee\n|t:|1685134302\n|gametype|singles\n|player|p1|gareeb adani|2|1517\n|player|p2|MyPasswordIsPeePee|266|1666\n|teamsize|p1|6\n|teamsize|p2|6\n|gen|8\n|tier|[Gen 8] Random Battle\n|rated|\n|rule|Species Clause: Limit one of each Pok\u00e9mon\n|rule|HP Percentage Mod: HP is shown in percentages\n|rule|Sleep Clause Mod: Limit one foe put to sleep\n|\n|t:|1685134302\n|start\n|switch|p1a: Cramorant|Cramorant, L84, M|255/255\n|switch|p2a: Turtonator|Turtonator, L84, M|238/238\n|turn|1\n|inactive|Battle timer is ON: inactive players will automatically lose when time's up. (requested by MyPasswordIsPeePee)\n|\n|t:|1685134345\n|move|p1a: Cramorant|Surf|p2a: Turtonator\n|-formechange|p1a: Cramorant|Cramorant-Gulping|\n|-damage|p2a: Turtonator|156/238\n|move|p2a: Turtonator|Will-O-Wisp|p1a: Cramorant\n|-status|p1a: Cramorant|brn\n|\n|-damage|p1a: Cramorant|240/255 brn|[from] brn\n|upkeep\n|turn|2\n|\n|t:|1685134368\n|switch|p2a: Octillery|Octillery, L86, M|269/269\n|move|p1a: Cramorant|Brave Bird|p2a: Octillery\n|-damage|p2a: Octillery|207/269\n|-damage|p1a: Cramorant|220/255 brn|[from] Recoil\n|\n|-heal|p2a: Octillery|223/269|[from] item: Leftovers\n|-damage|p1a: Cramorant|205/255 brn|[from] brn\n|-ability|p2a: Octillery|Moody|boost\n|-boost|p2a: Octillery|spe|2\n|-unboost|p2a: Octillery|spd|1\n|upkeep\n|turn|3\n|\n|t:|1685134377\n|switch|p1a: Jynx|Jynx, L86, F|251/251\n|move|p2a: Octillery|Protect||[still]\n|-fail|p2a: Octillery\n|\n|-heal|p2a: Octillery|239/269|[from] item: Leftovers\n|-ability|p2a: Octillery|Moody|boost\n|-boost|p2a: Octillery|spe|2\n|-unboost|p2a: Octillery|spd|1\n|upkeep\n|turn|4\n|inactive|gareeb adani has 120 seconds left.\n|\n|t:|1685134415\n|move|p2a: Octillery|Gunk Shot|p1a: Jynx\n|-damage|p1a: Jynx|88/251\n|move|p1a: Jynx|Ice Beam|p2a: Octillery\n|-resisted|p2a: Octillery\n|-damage|p2a: Octillery|82/269\n|-damage|p1a: Jynx|63/251|[from] item: Life Orb\n|\n|-heal|p2a: Octillery|98/269|[from] item: Leftovers\n|-ability|p2a: Octillery|Moody|boost\n|-boost|p2a: Octillery|def|2\n|-unboost|p2a: Octillery|spa|1\n|upkeep\n|turn|5\n|\n|t:|1685134421\n|switch|p1a: Cramorant|Cramorant, L84, M|205/255 brn\n|move|p2a: Octillery|Protect||[still]\n|-fail|p2a: Octillery\n|\n|-heal|p2a: Octillery|114/269|[from] item: Leftovers\n|-damage|p1a: Cramorant|190/255 brn|[from] brn\n|-ability|p2a: Octillery|Moody|boost\n|-boost|p2a: Octillery|def|2\n|-unboost|p2a: Octillery|spd|1\n|upkeep\n|turn|6\n|inactive|gareeb adani has 120 seconds left.\n|\n|t:|1685134437\n|move|p2a: Octillery|Protect|p2a: Octillery\n|-singleturn|p2a: Octillery|Protect\n|move|p1a: Cramorant|Surf|p2a: Octillery\n|-activate|p2a: Octillery|move: Protect\n|\n|-heal|p2a: Octillery|130/269|[from] item: Leftovers\n|-damage|p1a: Cramorant|175/255 brn|[from] brn\n|-ability|p2a: Octillery|Moody|boost\n|-boost|p2a: Octillery|spa|2\n|-unboost|p2a: Octillery|spd|1\n|upkeep\n|turn|7\n|inactive|MyPasswordIsPeePee has 120 seconds left.\n|\n|t:|1685134478\n|move|p2a: Octillery|Energy Ball|p1a: Cramorant\n|-damage|p1a: Cramorant|78/255 brn\n|move|p1a: Cramorant|Surf|p2a: Octillery\n|-formechange|p1a: Cramorant|Cramorant-Gorging|\n|-resisted|p2a: Octillery\n|-damage|p2a: Octillery|0 fnt\n|faint|p2a: Octillery\n|\n|-damage|p1a: Cramorant|63/255 brn|[from] brn\n|upkeep\n|\n|t:|1685134501\n|switch|p2a: Grimmsnarl|Grimmsnarl, L82, M|290/290\n|turn|8\n|inactive|gareeb adani has 120 seconds left.\n|\n|t:|1685134547\n|move|p2a: Grimmsnarl|Taunt|p1a: Cramorant\n|-start|p1a: Cramorant|move: Taunt\n|cant|p1a: Cramorant|move: Taunt|Defog\n|\n|-damage|p1a: Cramorant|48/255 brn|[from] brn\n|upkeep\n|turn|9\n|\n|t:|1685134558\n|move|p2a: Grimmsnarl|Light Screen|p2a: Grimmsnarl\n|-sidestart|p2: MyPasswordIsPeePee|move: Light Screen\n|move|p1a: Cramorant|Surf|p2a: Grimmsnarl\n|-damage|p2a: Grimmsnarl|239/290\n|\n|-damage|p1a: Cramorant|33/255 brn|[from] brn\n|upkeep\n|turn|10\n|\n|t:|1685134575\n|move|p2a: Grimmsnarl|Reflect|p2a: Grimmsnarl\n|-sidestart|p2: MyPasswordIsPeePee|Reflect\n|move|p1a: Cramorant|Surf|p2a: Grimmsnarl\n|-damage|p2a: Grimmsnarl|194/290\n|\n|-damage|p1a: Cramorant|18/255 brn|[from] brn\n|-end|p1a: Cramorant|move: Taunt\n|upkeep\n|turn|11\n|inactive|MyPasswordIsPeePee has 120 seconds left.\n|\n|t:|1685134585\n|move|p1a: Cramorant|Surf|p2a: Grimmsnarl\n|-damage|p2a: Grimmsnarl|144/290\n|move|p2a: Grimmsnarl|Spirit Break|p1a: Cramorant\n|-damage|p1a: Cramorant|0 fnt\n|-damage|p2a: Grimmsnarl|72/290|[from] ability: Gulp Missile|[of] p1a: Cramorant\n|-status|p2a: Grimmsnarl|par\n|-formechange|p1a: Cramorant|Cramorant|\n|faint|p1a: Cramorant\n|\n|upkeep\n|inactive|gareeb adani has 90 seconds left.\n|inactive|gareeb adani has 60 seconds left.\n|inactive|gareeb adani has 30 seconds left.\n|inactive|gareeb adani has 20 seconds left.\n|inactive|gareeb adani has 15 seconds left.\n|\n|t:|1685134687\n|switch|p1a: Xurkitree|Xurkitree, L76|251/251\n|turn|12\n|inactive|gareeb adani has 25 seconds left this turn.\n|\n|t:|1685134691\n|switch|p2a: Dugtrio|Dugtrio-Alola, L82, F|192/192\n|move|p1a: Xurkitree|Dazzling Gleam|p2a: Dugtrio\n|-resisted|p2a: Dugtrio\n|-damage|p2a: Dugtrio|159/192\n|\n|upkeep\n|turn|13\n|inactive|gareeb adani has 30 seconds left.\n|\n|t:|1685134699\n|switch|p1a: Gourgeist|Gourgeist-Small, L84, M|230/230\n|-item|p2a: Dugtrio|Life Orb|[from] ability: Frisk|[of] p1a: Gourgeist|[identify]\n|move|p2a: Dugtrio|Stealth Rock|p1a: Gourgeist\n|-sidestart|p1: gareeb adani|move: Stealth Rock\n|\n|upkeep\n|turn|14\n|\n|t:|1685134706\n|switch|p2a: Turtonator|Turtonator, L84, M|156/238\n|move|p1a: Gourgeist|Substitute|p1a: Gourgeist\n|-start|p1a: Gourgeist|Substitute\n|-damage|p1a: Gourgeist|173/230\n|\n|-heal|p1a: Gourgeist|187/230|[from] item: Leftovers\n|upkeep\n|turn|15\n|\n|t:|1685134715\n|move|p1a: Gourgeist|Leech Seed|p2a: Turtonator\n|-start|p2a: Turtonator|move: Leech Seed\n|move|p2a: Turtonator|Fire Blast|p1a: Gourgeist|[miss]\n|-miss|p2a: Turtonator|p1a: Gourgeist\n|\n|-heal|p1a: Gourgeist|201/230|[from] item: Leftovers\n|-damage|p2a: Turtonator|127/238|[from] Leech Seed|[of] p1a: Gourgeist\n|-heal|p1a: Gourgeist|230/230|[silent]\n|upkeep\n|turn|16\n|\n|t:|1685134719\n|move|p1a: Gourgeist|Poltergeist|p2a: Turtonator\n|-activate|p2a: Turtonator|move: Poltergeist|Heavy-Duty Boots\n|-damage|p2a: Turtonator|87/238\n|move|p2a: Turtonator|Fire Blast|p1a: Gourgeist\n|-supereffective|p1a: Gourgeist\n|-end|p1a: Gourgeist|Substitute\n|\n|-damage|p2a: Turtonator|58/238|[from] Leech Seed|[of] p1a: Gourgeist\n|-sideend|p2: MyPasswordIsPeePee|move: Light Screen\n|upkeep\n|turn|17\n|inactive|gareeb adani has 60 seconds left.\n|\n|t:|1685134727\n|switch|p2a: Grimmsnarl|Grimmsnarl, L82, M|72/290 par\n|move|p1a: Gourgeist|Substitute|p1a: Gourgeist\n|-start|p1a: Gourgeist|Substitute\n|-damage|p1a: Gourgeist|173/230\n|\n|-heal|p1a: Gourgeist|187/230|[from] item: Leftovers\n|-sideend|p2: MyPasswordIsPeePee|Reflect\n|upkeep\n|turn|18\n|inactive|gareeb adani has 60 seconds left.\n|\n|t:|1685134738\n|cant|p2a: Grimmsnarl|par\n|move|p1a: Gourgeist|Power Whip|p2a: Grimmsnarl\n|-damage|p2a: Grimmsnarl|0 fnt\n|faint|p2a: Grimmsnarl\n|\n|-heal|p1a: Gourgeist|201/230|[from] item: Leftovers\n|upkeep\n|\n|t:|1685134746\n|switch|p2a: Flapple|Flapple, L84, F|255/255\n|turn|19\n|\n|t:|1685134759\n|move|p2a: Flapple|Sucker Punch|p1a: Gourgeist\n|-supereffective|p1a: Gourgeist\n|-end|p1a: Gourgeist|Substitute\n|-damage|p2a: Flapple|230/255|[from] item: Life Orb\n|move|p1a: Gourgeist|Poltergeist|p2a: Flapple\n|-activate|p2a: Flapple|move: Poltergeist|Life Orb\n|-damage|p2a: Flapple|110/255\n|\n|-heal|p1a: Gourgeist|215/230|[from] item: Leftovers\n|upkeep\n|turn|20\n|\n|t:|1685134766\n|move|p1a: Gourgeist|Substitute|p1a: Gourgeist\n|-start|p1a: Gourgeist|Substitute\n|-damage|p1a: Gourgeist|158/230\n|move|p2a: Flapple|Outrage|p1a: Gourgeist\n|-end|p1a: Gourgeist|Substitute\n|-damage|p2a: Flapple|85/255|[from] item: Life Orb\n|\n|-heal|p1a: Gourgeist|172/230|[from] item: Leftovers\n|upkeep\n|turn|21\n|inactive|gareeb adani has 60 seconds left.\n|\n|t:|1685134797\n|move|p1a: Gourgeist|Poltergeist|p2a: Flapple\n|-activate|p2a: Flapple|move: Poltergeist|Life Orb\n|-damage|p2a: Flapple|0 fnt\n|faint|p2a: Flapple\n|\n|-heal|p1a: Gourgeist|186/230|[from] item: Leftovers\n|upkeep\n|\n|t:|1685134824\n|switch|p2a: Dugtrio|Dugtrio-Alola, L82, F|159/192\n|turn|22\n|inactive|gareeb adani has 60 seconds left.\n|\n|t:|1685134860\n|-start|p2a: Dugtrio|Dynamax|\n|-heal|p2a: Dugtrio|318/384|[silent]\n|move|p2a: Dugtrio|Max Darkness|p1a: Gourgeist\n|-supereffective|p1a: Gourgeist\n|-damage|p1a: Gourgeist|30/230\n|-unboost|p1a: Gourgeist|spd|1\n|-damage|p2a: Dugtrio|299/384|[from] item: Life Orb\n|move|p1a: Gourgeist|Substitute|p1a: Gourgeist\n|-fail|p1a: Gourgeist|move: Substitute|[weak]\n|\n|-heal|p1a: Gourgeist|44/230|[from] item: Leftovers\n|upkeep\n|turn|23\n|\n|t:|1685134875\n|switch|p1a: Jynx|Jynx, L86, F|63/251\n|-damage|p1a: Jynx|1/251|[from] Stealth Rock\n|move|p2a: Dugtrio|Max Steelspike|p1a: Jynx\n|-supereffective|p1a: Jynx\n|-damage|p1a: Jynx|0 fnt\n|-boost|p2a: Dugtrio|def|1\n|faint|p1a: Jynx\n|-damage|p2a: Dugtrio|280/384|[from] item: Life Orb\n|\n|upkeep\n|\n|t:|1685134888\n|switch|p1a: Gourgeist|Gourgeist-Small, L84, M|44/230\n|-damage|p1a: Gourgeist|16/230|[from] Stealth Rock\n|-item|p2a: Dugtrio|Life Orb|[from] ability: Frisk|[of] p1a: Gourgeist|[identify]\n|turn|24\n|\n|t:|1685134894\n|move|p2a: Dugtrio|Max Quake|p1a: Gourgeist\n|-resisted|p1a: Gourgeist\n|-damage|p1a: Gourgeist|0 fnt\n|-boost|p2a: Dugtrio|spd|1\n|faint|p1a: Gourgeist\n|-damage|p2a: Dugtrio|261/384|[from] item: Life Orb\n|\n|upkeep\n|\n|t:|1685134898\n|switch|p1a: Stonjourner|Stonjourner, L88, F|319/319\n|-damage|p1a: Stonjourner|280/319|[from] Stealth Rock\n|-end|p2a: Dugtrio|Dynamax\n|-heal|p2a: Dugtrio|131/192|[silent]\n|turn|25\n|\n|t:|1685134914\n|-start|p1a: Stonjourner|Dynamax|\n|-heal|p1a: Stonjourner|560/638|[silent]\n|move|p2a: Dugtrio|Earthquake|p1a: Stonjourner\n|-supereffective|p1a: Stonjourner\n|-damage|p1a: Stonjourner|378/638\n|-damage|p2a: Dugtrio|112/192|[from] item: Life Orb\n|move|p1a: Stonjourner|Max Quake|p2a: Dugtrio\n|-supereffective|p2a: Dugtrio\n|-damage|p2a: Dugtrio|0 fnt\n|-boost|p1a: Stonjourner|spd|1\n|faint|p2a: Dugtrio\n|-damage|p1a: Stonjourner|347/638|[from] item: Life Orb\n|\n|upkeep\n|\n|t:|1685134919\n|switch|p2a: Turtonator|Turtonator, L84, M|58/238\n|turn|26\n|inactive|gareeb adani has 60 seconds left.\n|\n|t:|1685134935\n|switch|p2a: Kartana|Kartana, L74|209/209\n|move|p1a: Stonjourner|Max Rockfall|p2a: Kartana\n|-resisted|p2a: Kartana\n|-damage|p2a: Kartana|113/209\n|-weather|Sandstorm\n|-damage|p1a: Stonjourner|316/638|[from] item: Life Orb\n|\n|-weather|Sandstorm|[upkeep]\n|upkeep\n|turn|27\n|inactive|gareeb adani has 60 seconds left.\n|\n|t:|1685134974\n|switch|p2a: Turtonator|Turtonator, L84, M|58/238\n|move|p1a: Stonjourner|Max Flare|p2a: Turtonator\n|-resisted|p2a: Turtonator\n|-damage|p2a: Turtonator|27/238\n|-weather|SunnyDay\n|-damage|p1a: Stonjourner|285/638|[from] item: Life Orb\n|\n|-weather|SunnyDay|[upkeep]\n|upkeep\n|-end|p1a: Stonjourner|Dynamax\n|-heal|p1a: Stonjourner|143/319|[silent]\n|turn|28\n|\n|t:|1685134981\n|move|p1a: Stonjourner|Earthquake|p2a: Turtonator\n|-supereffective|p2a: Turtonator\n|-damage|p2a: Turtonator|0 fnt\n|faint|p2a: Turtonator\n|-damage|p1a: Stonjourner|112/319|[from] item: Life Orb\n|\n|-weather|SunnyDay|[upkeep]\n|upkeep\n|\n|t:|1685134982\n|switch|p2a: Kartana|Kartana, L74|113/209\n|turn|29\n|\n|t:|1685134997\n|move|p2a: Kartana|Leaf Blade|p1a: Stonjourner\n|-supereffective|p1a: Stonjourner\n|-damage|p1a: Stonjourner|0 fnt\n|faint|p1a: Stonjourner\n|-ability|p2a: Kartana|Beast Boost|boost\n|-boost|p2a: Kartana|atk|1\n|-damage|p2a: Kartana|93/209|[from] item: Life Orb\n|\n|-weather|SunnyDay|[upkeep]\n|upkeep\n|\n|t:|1685135001\n|switch|p1a: Xurkitree|Xurkitree, L76|251/251\n|-damage|p1a: Xurkitree|220/251|[from] Stealth Rock\n|turn|30\n|c|\u2606MyPasswordIsPeePee|Specs or scarf lol\n|\n|t:|1685135011\n|move|p2a: Kartana|Leaf Blade|p1a: Xurkitree\n|-damage|p1a: Xurkitree|0 fnt\n|faint|p1a: Xurkitree\n|-ability|p2a: Kartana|Beast Boost|boost\n|-boost|p2a: Kartana|atk|1\n|-damage|p2a: Kartana|73/209|[from] item: Life Orb\n|\n|-weather|SunnyDay|[upkeep]\n|upkeep\n|-message|gareeb adani forfeited.\n|\n|win|MyPasswordIsPeePee\n|raw|gareeb adani's rating: 1546 &rarr; <strong>1533</strong><br />(-13 for losing)\n|raw|MyPasswordIsPeePee's rating: 1666 &rarr; <strong>1679</strong><br />(+13 for winning)\n|l|\u2606gareeb adani\n|j|\u2606gareeb adani\n|player|p1|gareeb adani|2\n", "inputlog": ">version 61c68e60481ef09071210320730fc448fef50368\n>start {\"formatid\":\"gen8randombattle\",\"seed\":[54762,18252,57930,56020],\"rated\":\"Rated battle\"}\n>player p1 {\"name\":\"gareeb adani\",\"avatar\":\"2\",\"rating\":1517,\"seed\":[27676,11527,54992,24429]}\n>player p2 {\"name\":\"MyPasswordIsPeePee\",\"avatar\":\"266\",\"rating\":1666,\"seed\":[2085,27139,27266,45600]}\n>p1 move surf\n>p2 move willowisp\n>p1 move bravebird\n>p2 switch 5\n>p1 switch 2\n>p2 move protect\n>p1 move icebeam\n>p2 move gunkshot\n>p1 switch 2\n>p2 move protect\n>p1 move surf\n>p2 move protect\n>p1 move surf\n>p2 move energyball\n>p2 switch 2\n>p1 move defog\n>p2 move taunt\n>p1 move surf\n>p2 move lightscreen\n>p1 move surf\n>p2 move reflect\n>p1 move surf\n>p2 move spiritbreak\n>p1 switch 6\n>p1 move dazzlinggleam\n>p2 switch 3\n>p1 switch 5\n>p2 move stealthrock\n>p1 move substitute\n>p2 switch 5\n>p1 move leechseed\n>p2 move fireblast\n>p1 move poltergeist\n>p2 move fireblast\n>p1 move substitute\n>p2 switch 3\n>p1 move powerwhip\n>p2 move reflect\n>p2 switch 4\n>p1 move poltergeist\n>p2 move suckerpunch\n>p1 move substitute\n>p2 move outrage\n>p1 move poltergeist\n>p2 move outrage\n>p2 switch 5\n>p1 move substitute\n>p2 move suckerpunch dynamax\n>p1 switch 2\n>p2 move ironhead dynamax\n>p1 switch 2\n>p1 move leechseed\n>p2 move earthquake dynamax\n>p1 switch 3\n>p1 move earthquake dynamax\n>p2 move earthquake\n>p2 switch 3\n>p1 move stoneedge dynamax\n>p2 switch 6\n>p1 move heatcrash dynamax\n>p2 switch 6\n>p1 move earthquake\n>p2 move willowisp\n>p2 switch 6\n>p1 move heatcrash\n>p2 move leafblade\n>p1 switch 5\n>chat \u2606MyPasswordIsPeePee|Specs or scarf lol\n>p1 move thunderbolt\n>p2 move leafblade\n>forcelose p1", "uploadtime": 1685135089, "views": 5, "p1id": "gareebadani", "p2id": "mypasswordispeepee", "formatid": "gen8randombattle", "rating": 1533, "private": 0, "password": ""}