|j|☆HOOPLABOOPLA
|j|☆JJ09LIE
|t:|1667022063
|gametype|singles
|player|p1|HOOPLABOOPLA|101|2453
|player|p2|JJ09LIE|akari|2416
|teamsize|p1|6
|teamsize|p2|6
|gen|8
|tier|[Gen 8] Random Battle
|rated|
|rule|Species Clause: Limit one of each Pokémon
|rule|HP Percentage Mod: HP is shown in percentages
|rule|Sleep Clause Mod: Limit one foe put to sleep
|
|t:|1667022063
|start
|switch|p1a: Kommo-o|Kommo-o, L80, M|251/251
|switch|p2a: Frosmoth|Frosmoth, L82, M|249/249
|turn|1
|inactive|Battle timer is ON: inactive players will automatically lose when time's up. (requested by JJ09LIE)
|
|t:|1667022084
|switch|p1a: Uxie|Uxie, L82|257/257
|move|p2a: Frosmoth|Quiver Dance|p2a: Frosmoth
|-boost|p2a: Frosmoth|spa|1
|-boost|p2a: Frosmoth|spd|1
|-boost|p2a: Frosmoth|spe|1
|
|upkeep
|turn|2
|
|t:|1667022090
|move|p2a: Frosmoth|Bug Buzz|p1a: Uxie
|-supereffective|p1a: Uxie
|-damage|p1a: Uxie|29/257
|move|p1a: Uxie|Yawn|p2a: Frosmoth
|-start|p2a: Frosmoth|move: Yawn|[of] p1a: Uxie
|
|-heal|p1a: Uxie|45/257|[from] item: Leftovers
|upkeep
|turn|3
|
|t:|1667022095
|move|p2a: Frosmoth|Ice Beam|p1a: Uxie
|-damage|p1a: Uxie|0 fnt
|faint|p1a: Uxie
|
|-end|p2a: Frosmoth|move: Yawn|[silent]
|-status|p2a: Frosmoth|slp
|upkeep
|
|t:|1667022101
|switch|p1a: Gyarados|Gyarados, L76, F|269/269
|turn|4
|
|t:|1667022131
|cant|p2a: Frosmoth|slp
|move|p1a: Gyarados|Dragon Dance|p1a: Gyarados
|-boost|p1a: Gyarados|atk|1
|-boost|p1a: Gyarados|spe|1
|
|upkeep
|turn|5
|
|t:|1667022139
|switch|p2a: Kabutops|Kabutops, L82, M|233/233
|move|p1a: Gyarados|Bounce||[still]
|-prepare|p1a: Gyarados|Bounce
|
|upkeep
|turn|6
|
|t:|1667022147
|move|p1a: Gyarados|Bounce|p2a: Kabutops|[from]lockedmove
|-resisted|p2a: Kabutops
|-damage|p2a: Kabutops|176/233
|move|p2a: Kabutops|Stone Edge|p1a: Gyarados
|-supereffective|p1a: Gyarados
|-damage|p1a: Gyarados|0 fnt
|faint|p1a: Gyarados
|-damage|p2a: Kabutops|153/233|[from] item: Life Orb
|
|upkeep
|
|t:|1667022156
|switch|p1a: Rotom|Rotom-Mow, L86|226/226
|turn|7
|
|t:|1667022162
|switch|p2a: Roserade|Roserade, L84, M|238/238
|move|p1a: Rotom|Volt Switch|p2a: Roserade
|-resisted|p2a: Roserade
|-damage|p2a: Roserade|201/238
|
|t:|1667022166
|switch|p1a: Electivire|Electivire, L82, F|257/257
|
|-heal|p2a: Roserade|215/238|[from] item: Black Sludge
|upkeep
|turn|8
|
|t:|1667022170
|move|p1a: Electivire|Flamethrower|p2a: Roserade
|-supereffective|p2a: Roserade
|-damage|p2a: Roserade|72/238
|-status|p2a: Roserade|brn
|-damage|p1a: Electivire|232/257|[from] item: Life Orb
|move|p2a: Roserade|Toxic Spikes|p1a: Electivire
|-sidestart|p1: HOOPLABOOPLA|move: Toxic Spikes
|
|-heal|p2a: Roserade|86/238 brn|[from] item: Black Sludge
|-damage|p2a: Roserade|72/238 brn|[from] brn
|upkeep
|turn|9
|
|t:|1667022180
|-curestatus|p2a: Roserade|brn|[from] ability: Natural Cure
|switch|p2a: Kyurem|Kyurem-White, L74|307/307
|-ability|p2a: Kyurem|Turboblaze
|move|p1a: Electivire|Flamethrower|p2a: Kyurem
|-damage|p2a: Kyurem|234/307
|-damage|p1a: Electivire|207/257|[from] item: Life Orb
|
|upkeep
|turn|10
|
|t:|1667022192
|-start|p1a: Electivire|Dynamax|
|-heal|p1a: Electivire|414/514|[silent]
|move|p1a: Electivire|Max Quake|p2a: Kyurem
|-damage|p2a: Kyurem|69/307
|-boost|p1a: Electivire|spd|1
|-damage|p1a: Electivire|389/514|[from] item: Life Orb
|move|p2a: Kyurem|Roost|p2a: Kyurem
|-heal|p2a: Kyurem|223/307
|-singleturn|p2a: Kyurem|move: Roost
|
|upkeep
|turn|11
|
|t:|1667022203
|move|p1a: Electivire|Max Quake|p2a: Kyurem
|-damage|p2a: Kyurem|62/307
|-boost|p1a: Electivire|spd|1
|-damage|p1a: Electivire|364/514|[from] item: Life Orb
|move|p2a: Kyurem|Roost|p2a: Kyurem
|-heal|p2a: Kyurem|216/307
|-singleturn|p2a: Kyurem|move: Roost
|
|upkeep
|turn|12
|
|t:|1667022213
|switch|p2a: Vespiquen|Vespiquen, L96, F|290/290
|-ability|p2a: Vespiquen|Pressure
|move|p1a: Electivire|Max Quake|p2a: Vespiquen
|-immune|p2a: Vespiquen
|
|upkeep
|-end|p1a: Electivire|Dynamax
|-heal|p1a: Electivire|182/257|[silent]
|turn|13
|
|t:|1667022218
|move|p1a: Electivire|Wild Charge|p2a: Vespiquen
|-supereffective|p2a: Vespiquen
|-damage|p2a: Vespiquen|85/290
|-damage|p1a: Electivire|131/257|[from] Recoil
|-damage|p1a: Electivire|106/257|[from] item: Life Orb
|move|p2a: Vespiquen|U-turn|p1a: Electivire
|-damage|p1a: Electivire|0 fnt
|faint|p1a: Electivire
|
|t:|1667022228
|switch|p2a: Lycanroc|Lycanroc-Dusk, L80, M|251/251
|
|upkeep
|
|t:|1667022233
|switch|p1a: Kyogre|Kyogre, L72|263/263
|-status|p1a: Kyogre|psn
|-weather|RainDance|[from] ability: Drizzle|[of] p1a: Kyogre
|turn|14
|
|t:|1667022240
|switch|p2a: Frosmoth|Frosmoth, L82, M|249/249 slp
|move|p1a: Kyogre|Origin Pulse|p2a: Frosmoth
|-damage|p2a: Frosmoth|154/249 slp
|
|-weather|RainDance|[upkeep]
|-damage|p1a: Kyogre|231/263 psn|[from] psn
|upkeep
|turn|15
|
|t:|1667022246
|move|p1a: Kyogre|Origin Pulse|p2a: Frosmoth
|-damage|p2a: Frosmoth|63/249 slp
|-curestatus|p2a: Frosmoth|slp|[msg]
|move|p2a: Frosmoth|Quiver Dance|p2a: Frosmoth
|-boost|p2a: Frosmoth|spa|1
|-boost|p2a: Frosmoth|spd|1
|-boost|p2a: Frosmoth|spe|1
|
|-weather|RainDance|[upkeep]
|-heal|p1a: Kyogre|247/263 psn|[from] item: Leftovers
|-damage|p1a: Kyogre|215/263 psn|[from] psn
|upkeep
|turn|16
|
|t:|1667022253
|move|p2a: Frosmoth|Bug Buzz|p1a: Kyogre
|-damage|p1a: Kyogre|77/263 psn
|move|p1a: Kyogre|Origin Pulse|p2a: Frosmoth
|-damage|p2a: Frosmoth|3/249
|
|-weather|RainDance|[upkeep]
|-heal|p1a: Kyogre|93/263 psn|[from] item: Leftovers
|-damage|p1a: Kyogre|61/263 psn|[from] psn
|upkeep
|turn|17
|
|t:|1667022257
|move|p2a: Frosmoth|Hurricane|p1a: Kyogre
|-damage|p1a: Kyogre|0 fnt
|faint|p1a: Kyogre
|
|-weather|RainDance|[upkeep]
|upkeep
|
|t:|1667022260
|switch|p1a: Rotom|Rotom-Mow, L86|226/226
|turn|18
|
|t:|1667022262
|move|p2a: Frosmoth|Ice Beam|p1a: Rotom
|-supereffective|p1a: Rotom
|-damage|p1a: Rotom|0 fnt
|faint|p1a: Rotom
|
|-weather|none
|upkeep
|
|t:|1667022265
|switch|p1a: Kommo-o|Kommo-o, L80, M|251/251
|-status|p1a: Kommo-o|psn
|turn|19
|
|t:|1667022268
|-start|p2a: Frosmoth|Dynamax|
|-heal|p2a: Frosmoth|6/498|[silent]
|move|p2a: Frosmoth|Max Hailstorm|p1a: Kommo-o
|-supereffective|p1a: Kommo-o
|-damage|p1a: Kommo-o|0 fnt
|-weather|Hail
|faint|p1a: Kommo-o
|
|win|JJ09LIE
|raw|HOOPLABOOPLA's rating: 2453 &rarr; <strong>2431</strong><br />(-22 for losing)
|raw|JJ09LIE's rating: 2416 &rarr; <strong>2438</strong><br />(+22 for winning)
