{"id": "gen8randombattle-1874524515", "p1": "Teres bahji", "p2": "cupcake26", "format": "[Gen 8] Random Battle", "log": "|j|\u2606Teres bahji\n|j|\u2606cupcake26\n|t:|1685505374\n|gametype|singles\n|player|p1|Teres bahji|#rbtt6teamzarudef|1533\n|player|p2|cupcake26|maylene|1473\n|teamsize|p1|6\n|teamsize|p2|6\n|gen|8\n|tier|[Gen 8] Random Battle\n|rated|\n|rule|Species Clause: Limit one of each Pok\u00e9mon\n|rule|HP Percentage Mod: HP is shown in percentages\n|rule|Sleep Clause Mod: Limit one foe put to sleep\n|\n|t:|1685505374\n|start\n|switch|p1a: Polteageist|Polteageist, L78|222/222\n|switch|p2a: Mienshao|Mienshao, L82, M|241/241\n|turn|1\n|\n|t:|1685505385\n|switch|p2a: Guzzlord|Guzzlord, L84|512/512\n|switch|p1a: Sableye|Sableye, L88, M|231/231\n|\n|upkeep\n|turn|2\n|\n|t:|1685505410\n|move|p1a: Sableye|Knock Off|p2a: Guzzlord\n|-resisted|p2a: Guzzlord\n|-damage|p2a: Guzzlord|449/512\n|-enditem|p2a: Guzzlord|Assault Vest|[from] move: Knock Off|[of] p1a: Sableye\n|move|p2a: Guzzlord|Knock Off|p1a: Sableye\n|-damage|p1a: Sableye|122/231\n|-enditem|p1a: Sableye|Leftovers|[from] move: Knock Off|[of] p2a: Guzzlord\n|\n|upkeep\n|turn|3\n|\n|t:|1685505416\n|switch|p2a: Tapu Koko|Tapu Koko, L78|237/237\n|-fieldstart|move: Electric Terrain|[from] ability: Electric Surge|[of] p2a: Tapu Koko\n|move|p1a: Sableye|Recover|p1a: Sableye\n|-heal|p1a: Sableye|231/231\n|\n|upkeep\n|turn|4\n|\n|t:|1685505421\n|move|p1a: Sableye|Toxic|p2a: Tapu Koko\n|-status|p2a: Tapu Koko|tox\n|move|p2a: Tapu Koko|Dazzling Gleam|p1a: Sableye\n|-supereffective|p1a: Sableye\n|-damage|p1a: Sableye|57/231\n|\n|-damage|p2a: Tapu Koko|223/237 tox|[from] psn\n|upkeep\n|turn|5\n|\n|t:|1685505443\n|switch|p1a: Cradily|Cradily, L86, F|288/288\n|move|p2a: Tapu Koko|Dazzling Gleam|p1a: Cradily\n|-damage|p1a: Cradily|222/288\n|\n|-heal|p2a: Tapu Koko|237/237 tox|[from] item: Leftovers\n|-heal|p1a: Cradily|240/288|[from] item: Leftovers\n|-damage|p2a: Tapu Koko|209/237 tox|[from] psn\n|upkeep\n|turn|6\n|\n|t:|1685505455\n|switch|p2a: Aegislash|Aegislash, L80, M|227/227\n|move|p1a: Cradily|Power Whip|p2a: Aegislash\n|-resisted|p2a: Aegislash\n|-crit|p2a: Aegislash\n|-damage|p2a: Aegislash|163/227\n|\n|-heal|p1a: Cradily|258/288|[from] item: Leftovers\n|upkeep\n|turn|7\n|\n|t:|1685505465\n|switch|p1a: Sableye|Sableye, L88, M|57/231\n|-formechange|p2a: Aegislash|Aegislash-Blade||[from] ability: Stance Change\n|move|p2a: Aegislash|Flash Cannon|p1a: Sableye\n|-damage|p1a: Sableye|0 fnt\n|faint|p1a: Sableye\n|-damage|p2a: Aegislash|141/227|[from] item: Life Orb\n|\n|-fieldend|move: Electric Terrain\n|upkeep\n|\n|t:|1685505474\n|switch|p1a: Volcarona|Volcarona, L76, M|254/254\n|turn|8\n|\n|t:|1685505481\n|switch|p2a: Hippowdon|Hippowdon, L80, M|304/304\n|-weather|Sandstorm|[from] ability: Sand Stream|[of] p2a: Hippowdon\n|move|p1a: Volcarona|Quiver Dance|p1a: Volcarona\n|-boost|p1a: Volcarona|spa|1\n|-boost|p1a: Volcarona|spd|1\n|-boost|p1a: Volcarona|spe|1\n|\n|-weather|Sandstorm|[upkeep]\n|-damage|p1a: Volcarona|239/254|[from] Sandstorm\n|upkeep\n|turn|9\n|\n|t:|1685505494\n|switch|p1a: Cradily|Cradily, L86, F|258/288\n|move|p2a: Hippowdon|Toxic|p1a: Cradily\n|-status|p1a: Cradily|tox\n|\n|-weather|Sandstorm|[upkeep]\n|-heal|p1a: Cradily|276/288 tox|[from] item: Leftovers\n|-damage|p1a: Cradily|258/288 tox|[from] psn\n|upkeep\n|turn|10\n|\n|t:|1685505509\n|move|p1a: Cradily|Power Whip|p2a: Hippowdon|[miss]\n|-miss|p1a: Cradily|p2a: Hippowdon\n|move|p2a: Hippowdon|Stealth Rock|p1a: Cradily\n|-sidestart|p1: Teres bahji|move: Stealth Rock\n|\n|-weather|Sandstorm|[upkeep]\n|-heal|p1a: Cradily|276/288 tox|[from] item: Leftovers\n|-damage|p1a: Cradily|240/288 tox|[from] psn\n|upkeep\n|turn|11\n|\n|t:|1685505572\n|switch|p2a: Aegislash|Aegislash, L80, M|141/227\n|move|p1a: Cradily|Power Whip|p2a: Aegislash|[miss]\n|-miss|p1a: Cradily|p2a: Aegislash\n|\n|-weather|Sandstorm|[upkeep]\n|-heal|p1a: Cradily|258/288 tox|[from] item: Leftovers\n|-damage|p1a: Cradily|204/288 tox|[from] psn\n|upkeep\n|turn|12\n|\n|t:|1685505576\n|-formechange|p2a: Aegislash|Aegislash-Blade||[from] ability: Stance Change\n|move|p2a: Aegislash|Flash Cannon|p1a: Cradily\n|-supereffective|p1a: Cradily\n|-damage|p1a: Cradily|45/288 tox\n|-damage|p2a: Aegislash|119/227|[from] item: Life Orb\n|move|p1a: Cradily|Power Whip|p2a: Aegislash\n|-resisted|p2a: Aegislash\n|-damage|p2a: Aegislash|32/227\n|\n|-weather|none\n|-heal|p1a: Cradily|63/288 tox|[from] item: Leftovers\n|-damage|p1a: Cradily|0 fnt|[from] psn\n|faint|p1a: Cradily\n|upkeep\n|\n|t:|1685505581\n|switch|p1a: Volcarona|Volcarona, L76, M|239/254\n|turn|13\n|\n|t:|1685505585\n|switch|p2a: Hippowdon|Hippowdon, L80, M|304/304\n|-weather|Sandstorm|[from] ability: Sand Stream|[of] p2a: Hippowdon\n|move|p1a: Volcarona|Quiver Dance|p1a: Volcarona\n|-boost|p1a: Volcarona|spa|1\n|-boost|p1a: Volcarona|spd|1\n|-boost|p1a: Volcarona|spe|1\n|\n|-weather|Sandstorm|[upkeep]\n|-damage|p1a: Volcarona|224/254|[from] Sandstorm\n|upkeep\n|turn|14\n|\n|t:|1685505590\n|move|p1a: Volcarona|Bug Buzz|p2a: Hippowdon\n|-damage|p2a: Hippowdon|129/304\n|-unboost|p2a: Hippowdon|spd|1\n|move|p2a: Hippowdon|Toxic|p1a: Volcarona\n|-status|p1a: Volcarona|tox\n|\n|-weather|Sandstorm|[upkeep]\n|-damage|p1a: Volcarona|209/254 tox|[from] Sandstorm\n|-heal|p2a: Hippowdon|148/304|[from] item: Leftovers\n|-damage|p1a: Volcarona|194/254 tox|[from] psn\n|upkeep\n|turn|15\n|\n|t:|1685505598\n|move|p1a: Volcarona|Bug Buzz|p2a: Hippowdon\n|-damage|p2a: Hippowdon|0 fnt\n|faint|p2a: Hippowdon\n|\n|-weather|Sandstorm|[upkeep]\n|-damage|p1a: Volcarona|179/254 tox|[from] Sandstorm\n|-damage|p1a: Volcarona|149/254 tox|[from] psn\n|upkeep\n|\n|t:|1685505600\n|switch|p2a: Aegislash|Aegislash, L80, M|32/227\n|turn|16\n|\n|t:|1685505602\n|move|p2a: Aegislash|King's Shield|p2a: Aegislash\n|-singleturn|p2a: Aegislash|Protect\n|move|p1a: Volcarona|Bug Buzz|p2a: Aegislash\n|-activate|p2a: Aegislash|move: Protect\n|\n|-weather|Sandstorm|[upkeep]\n|-damage|p1a: Volcarona|134/254 tox|[from] Sandstorm\n|-damage|p1a: Volcarona|89/254 tox|[from] psn\n|upkeep\n|turn|17\n|\n|t:|1685505631\n|switch|p2a: Tapu Koko|Tapu Koko, L78|209/237 tox\n|-fieldstart|move: Electric Terrain|[from] ability: Electric Surge|[of] p2a: Tapu Koko\n|move|p1a: Volcarona|Fire Blast|p2a: Tapu Koko\n|-damage|p2a: Tapu Koko|0 fnt\n|faint|p2a: Tapu Koko\n|\n|-weather|none\n|-damage|p1a: Volcarona|29/254 tox|[from] psn\n|upkeep\n|\n|t:|1685505633\n|switch|p2a: Aegislash|Aegislash, L80, M|32/227\n|turn|18\n|\n|t:|1685505639\n|switch|p1a: Hydreigon|Hydreigon, L80, M|278/278\n|-damage|p1a: Hydreigon|244/278|[from] Stealth Rock\n|move|p2a: Aegislash|King's Shield||[still]\n|-fail|p2a: Aegislash\n|\n|upkeep\n|turn|19\n|\n|t:|1685505646\n|move|p2a: Aegislash|King's Shield|p2a: Aegislash\n|-singleturn|p2a: Aegislash|Protect\n|move|p1a: Hydreigon|Dark Pulse|p2a: Aegislash\n|-activate|p2a: Aegislash|move: Protect\n|\n|upkeep\n|turn|20\n|\n|t:|1685505649\n|switch|p2a: Mienshao|Mienshao, L82, M|241/241\n|move|p1a: Hydreigon|Dark Pulse|p2a: Mienshao\n|-resisted|p2a: Mienshao\n|-damage|p2a: Mienshao|157/241\n|-damage|p1a: Hydreigon|217/278|[from] item: Life Orb\n|\n|upkeep\n|turn|21\n|\n|t:|1685505655\n|switch|p1a: Volcarona|Volcarona, L76, M|29/254 tox\n|move|p2a: Mienshao|Swords Dance|p2a: Mienshao\n|-boost|p2a: Mienshao|atk|2\n|\n|-damage|p1a: Volcarona|14/254 tox|[from] psn\n|-fieldend|move: Electric Terrain\n|upkeep\n|turn|22\n|\n|t:|1685505659\n|move|p2a: Mienshao|Poison Jab|p1a: Volcarona\n|-damage|p1a: Volcarona|0 fnt\n|faint|p1a: Volcarona\n|\n|upkeep\n|\n|t:|1685505662\n|switch|p1a: Polteageist|Polteageist, L78|222/222\n|-damage|p1a: Polteageist|195/222|[from] Stealth Rock\n|turn|23\n|\n|t:|1685505665\n|move|p2a: Mienshao|Stone Edge|p1a: Polteageist\n|-damage|p1a: Polteageist|0 fnt\n|faint|p1a: Polteageist\n|\n|upkeep\n|-message|Teres bahji forfeited.\n|\n|win|cupcake26\n|raw|Teres bahji's rating: 1533 &rarr; <strong>1510</strong><br />(-23 for losing)\n|raw|cupcake26's rating: 1487 &rarr; <strong>1510</strong><br />(+23 for winning)\n", "inputlog": ">version d94486096666f9f03053a01e17a1c7fdbd408dfa\n>start {\"formatid\":\"gen8randombattle\",\"seed\":[51800,63716,56935,62125],\"rated\":\"Rated battle\"}\n>player p1 {\"name\":\"Teres bahji\",\"avatar\":\"#rbtt6teamzarudef\",\"rating\":1533,\"seed\":[25586,20607,9147,15996]}\n>player p2 {\"name\":\"cupcake26\",\"avatar\":\"maylene\",\"rating\":1473,\"seed\":[44600,7853,58272,55345]}\n>p1 switch 2\n>p2 switch 3\n>p1 move knockoff\n>p2 move knockoff\n>p1 move recover\n>p2 switch 6\n>p1 move toxic\n>p2 move dazzlinggleam\n>p1 switch 6\n>p2 move dazzlinggleam\n>p1 move powerwhip\n>p2 switch 4\n>p1 switch 6\n>p2 move flashcannon\n>p1 switch 3\n>p1 move quiverdance\n>p2 switch 2\n>p1 switch 6\n>p2 move toxic\n>p1 move powerwhip\n>p2 move stealthrock\n>p1 move powerwhip\n>p2 switch 2\n>p1 move powerwhip\n>p2 move flashcannon\n>p1 switch 6\n>p1 move quiverdance\n>p2 switch 2\n>p1 move bugbuzz\n>p2 move toxic\n>p1 move bugbuzz\n>p2 move slackoff\n>p2 switch 2\n>p1 move bugbuzz\n>p2 move kingsshield\n>p1 move fireblast\n>p2 switch 4\n>p2 switch 4\n>p1 switch 4\n>p2 move kingsshield\n>p1 move darkpulse\n>p2 move kingsshield\n>p1 move darkpulse\n>p2 switch 3\n>p1 switch 4\n>p2 move swordsdance\n>p1 move fireblast\n>p2 move poisonjab\n>p1 switch 2\n>p1 move shellsmash\n>p2 move stoneedge\n>forcelose p1", "uploadtime": 1685505674, "views": 5, "p1id": "teresbahji", "p2id": "cupcake26", "formatid": "gen8randombattle", "rating": 1510, "private": 0, "password": ""}