{"id": "gen8randombattle-1872969016", "p1": "deaniedean", "p2": "gareeb adani", "format": "[Gen 8] Random Battle", "log": "|j|\u2606deaniedean\n|j|\u2606gareeb adani\n|t:|1685306782\n|gametype|singles\n|player|p1|deaniedean|266|1497\n|player|p2|gareeb adani|2|1532\n|teamsize|p1|6\n|teamsize|p2|6\n|gen|8\n|tier|[Gen 8] Random Battle\n|rated|\n|rule|Species Clause: Limit one of each Pok\u00e9mon\n|rule|HP Percentage Mod: HP is shown in percentages\n|rule|Sleep Clause Mod: Limit one foe put to sleep\n|\n|t:|1685306782\n|start\n|switch|p1a: Morpeko|Morpeko, L86, M|240/240\n|switch|p2a: Machamp|Machamp, L82, M|282/282\n|turn|1\n|inactive|Battle timer is ON: inactive players will automatically lose when time's up. (requested by deaniedean)\n|\n|t:|1685306795\n|move|p1a: Morpeko|Parting Shot|p2a: Machamp\n|-unboost|p2a: Machamp|atk|1\n|-unboost|p2a: Machamp|spa|1\n|\n|t:|1685306805\n|switch|p1a: Celebi|Celebi, L82|298/298|[from] Parting Shot\n|move|p2a: Machamp|Close Combat|p1a: Celebi\n|-resisted|p1a: Celebi\n|-damage|p1a: Celebi|249/298\n|-unboost|p2a: Machamp|def|1\n|-unboost|p2a: Machamp|spd|1\n|\n|-heal|p1a: Celebi|267/298|[from] item: Leftovers\n|-status|p2a: Machamp|brn|[from] item: Flame Orb\n|upkeep\n|turn|2\n|\n|t:|1685306827\n|switch|p2a: Spiritomb|Spiritomb, L88, F|231/231\n|move|p1a: Celebi|Psychic|p2a: Spiritomb\n|-immune|p2a: Spiritomb\n|\n|-heal|p1a: Celebi|285/298|[from] item: Leftovers\n|upkeep\n|turn|3\n|\n|t:|1685306844\n|switch|p1a: Morpeko|Morpeko, L86, M|240/240\n|move|p2a: Spiritomb|Poltergeist|p1a: Morpeko\n|-activate|p1a: Morpeko|move: Poltergeist|Leftovers\n|-resisted|p1a: Morpeko\n|-damage|p1a: Morpeko|111/240\n|\n|-heal|p1a: Morpeko|126/240|[from] item: Leftovers\n|-formechange|p1a: Morpeko|Morpeko-Hangry||[from] ability: Hunger Switch\n|upkeep\n|turn|4\n|\n|t:|1685306851\n|switch|p2a: Eldegoss|Eldegoss, L90, F|254/254\n|move|p1a: Morpeko|Aura Wheel|p2a: Eldegoss\n|-damage|p2a: Eldegoss|148/254\n|-boost|p1a: Morpeko|spe|1\n|\n|-heal|p1a: Morpeko|141/240|[from] item: Leftovers\n|-formechange|p1a: Morpeko|Morpeko||[from] ability: Hunger Switch\n|upkeep\n|turn|5\n|\n|t:|1685306858\n|move|p1a: Morpeko|Parting Shot|p2a: Eldegoss\n|-unboost|p2a: Eldegoss|atk|1\n|-unboost|p2a: Eldegoss|spa|1\n|\n|t:|1685306861\n|switch|p1a: Celebi|Celebi, L82|285/298|[from] Parting Shot\n|move|p2a: Eldegoss|Pollen Puff|p1a: Celebi\n|-supereffective|p1a: Celebi\n|-damage|p1a: Celebi|125/298\n|\n|-heal|p1a: Celebi|143/298|[from] item: Leftovers\n|upkeep\n|turn|6\n|\n|t:|1685306865\n|move|p1a: Celebi|Recover|p1a: Celebi\n|-heal|p1a: Celebi|292/298\n|move|p2a: Eldegoss|Pollen Puff|p1a: Celebi\n|-supereffective|p1a: Celebi\n|-damage|p1a: Celebi|136/298\n|\n|-heal|p1a: Celebi|154/298|[from] item: Leftovers\n|upkeep\n|turn|7\n|\n|t:|1685306874\n|switch|p1a: Frosmoth|Frosmoth, L82, F|249/249\n|move|p2a: Eldegoss|Pollen Puff|p1a: Frosmoth\n|-damage|p1a: Frosmoth|229/249\n|\n|upkeep\n|turn|8\n|\n|t:|1685306880\n|move|p2a: Eldegoss|Sleep Powder|p1a: Frosmoth\n|-status|p1a: Frosmoth|slp|[from] move: Sleep Powder\n|cant|p1a: Frosmoth|slp\n|\n|upkeep\n|turn|9\n|\n|t:|1685306883\n|switch|p2a: Machamp|Machamp, L82, M|282/282 brn\n|cant|p1a: Frosmoth|slp\n|\n|-damage|p2a: Machamp|265/282 brn|[from] brn\n|upkeep\n|turn|10\n|\n|t:|1685306886\n|-curestatus|p1a: Frosmoth|slp|[msg]\n|move|p1a: Frosmoth|Quiver Dance|p1a: Frosmoth\n|-boost|p1a: Frosmoth|spa|1\n|-boost|p1a: Frosmoth|spd|1\n|-boost|p1a: Frosmoth|spe|1\n|move|p2a: Machamp|Facade|p1a: Frosmoth\n|-damage|p1a: Frosmoth|0 fnt\n|faint|p1a: Frosmoth\n|\n|-damage|p2a: Machamp|248/282 brn|[from] brn\n|upkeep\n|\n|t:|1685306891\n|switch|p1a: Braviary|Braviary, L82, M|298/298\n|turn|11\n|\n|t:|1685306898\n|switch|p2a: Tentacruel|Tentacruel, L84, M|272/272\n|move|p1a: Braviary|Bulk Up|p1a: Braviary\n|-boost|p1a: Braviary|atk|1\n|-boost|p1a: Braviary|def|1\n|\n|upkeep\n|turn|12\n|\n|t:|1685306903\n|-start|p1a: Braviary|Dynamax|\n|-heal|p1a: Braviary|596/596|[silent]\n|move|p2a: Tentacruel|Haze|p2a: Tentacruel\n|-clearallboost\n|move|p1a: Braviary|Max Airstream|p2a: Tentacruel\n|-damage|p2a: Tentacruel|79/272\n|-boost|p1a: Braviary|spe|1\n|\n|-heal|p2a: Tentacruel|96/272|[from] item: Black Sludge\n|upkeep\n|turn|13\n|\n|t:|1685306915\n|move|p1a: Braviary|Max Airstream|p2a: Tentacruel\n|-damage|p2a: Tentacruel|0 fnt\n|-boost|p1a: Braviary|spe|1\n|faint|p2a: Tentacruel\n|\n|upkeep\n|inactive|gareeb adani has 120 seconds left.\n|\n|t:|1685306969\n|switch|p2a: Spiritomb|Spiritomb, L88, F|231/231\n|turn|14\n|\n|t:|1685306972\n|move|p1a: Braviary|Max Airstream|p2a: Spiritomb\n|-damage|p2a: Spiritomb|83/231\n|-boost|p1a: Braviary|spe|1\n|move|p2a: Spiritomb|Foul Play|p1a: Braviary\n|-damage|p1a: Braviary|365/596\n|\n|upkeep\n|-end|p1a: Braviary|Dynamax\n|-heal|p1a: Braviary|183/298|[silent]\n|turn|15\n|\n|t:|1685306983\n|move|p1a: Braviary|Brave Bird|p2a: Spiritomb\n|-damage|p2a: Spiritomb|0 fnt\n|faint|p2a: Spiritomb\n|-damage|p1a: Braviary|156/298|[from] Recoil\n|\n|upkeep\n|\n|t:|1685306990\n|switch|p2a: Xatu|Xatu, L89, F|260/260\n|turn|16\n|\n|t:|1685307002\n|-start|p2a: Xatu|Dynamax|\n|-heal|p2a: Xatu|520/520|[silent]\n|move|p1a: Braviary|Bulk Up|p1a: Braviary\n|-boost|p1a: Braviary|atk|1\n|-boost|p1a: Braviary|def|1\n|move|p2a: Xatu|Max Mindstorm|p1a: Braviary\n|-damage|p1a: Braviary|0 fnt\n|-fieldstart|move: Psychic Terrain\n|faint|p1a: Braviary\n|\n|upkeep\n|\n|t:|1685307006\n|switch|p1a: Morpeko|Morpeko, L86, M|141/240\n|turn|17\n|\n|t:|1685307020\n|move|p2a: Xatu|Max Flare|p1a: Morpeko\n|-damage|p1a: Morpeko|15/240\n|-weather|SunnyDay\n|move|p1a: Morpeko|Aura Wheel|p2a: Xatu\n|-supereffective|p2a: Xatu\n|-damage|p2a: Xatu|256/520\n|-boost|p1a: Morpeko|spe|1\n|\n|-weather|SunnyDay|[upkeep]\n|-heal|p1a: Morpeko|30/240|[from] item: Leftovers\n|-formechange|p1a: Morpeko|Morpeko-Hangry||[from] ability: Hunger Switch\n|upkeep\n|turn|18\n|\n|t:|1685307027\n|move|p1a: Morpeko|Aura Wheel|p2a: Xatu\n|-supereffective|p2a: Xatu\n|-damage|p2a: Xatu|2/520\n|-boost|p1a: Morpeko|spe|1\n|move|p2a: Xatu|Max Flare|p1a: Morpeko\n|-damage|p1a: Morpeko|0 fnt\n|faint|p1a: Morpeko\n|\n|-weather|SunnyDay|[upkeep]\n|upkeep\n|\n|t:|1685307029\n|switch|p1a: Regieleki|Regieleki, L78|253/253\n|-end|p2a: Xatu|Dynamax\n|-heal|p2a: Xatu|1/260|[silent]\n|turn|19\n|\n|t:|1685307038\n|switch|p2a: Eldegoss|Eldegoss, L90, F|232/254\n|move|p1a: Regieleki|Thunderbolt|p2a: Eldegoss\n|-resisted|p2a: Eldegoss\n|-damage|p2a: Eldegoss|175/254\n|\n|-weather|SunnyDay|[upkeep]\n|upkeep\n|turn|20\n|\n|t:|1685307041\n|move|p1a: Regieleki|Substitute|p1a: Regieleki\n|-start|p1a: Regieleki|Substitute\n|-damage|p1a: Regieleki|190/253\n|move|p2a: Eldegoss|Pollen Puff|p1a: Regieleki\n|-end|p1a: Regieleki|Substitute\n|\n|-weather|SunnyDay|[upkeep]\n|-fieldend|move: Psychic Terrain\n|upkeep\n|turn|21\n|\n|t:|1685307044\n|move|p1a: Regieleki|Volt Switch|p2a: Eldegoss\n|-resisted|p2a: Eldegoss\n|-damage|p2a: Eldegoss|133/254\n|\n|t:|1685307050\n|switch|p1a: Celebi|Celebi, L82|154/298|[from] Volt Switch\n|move|p2a: Eldegoss|Pollen Puff|p1a: Celebi\n|-supereffective|p1a: Celebi\n|-damage|p1a: Celebi|0 fnt\n|faint|p1a: Celebi\n|\n|-weather|none\n|upkeep\n|\n|t:|1685307052\n|switch|p1a: Regieleki|Regieleki, L82|233/233\n|turn|22\n|\n|t:|1685307067\n|switch|p2a: Xatu|Xatu, L89, F|1/260\n|move|p1a: Regieleki|Nasty Plot|p1a: Regieleki\n|-boost|p1a: Regieleki|spa|2\n|\n|upkeep\n|turn|23\n|\n|t:|1685307071\n|move|p2a: Xatu|Heat Wave|p1a: Regieleki\n|-damage|p1a: Regieleki|126/233\n|replace|p1a: Zoroark|Zoroark, L82, F\n|-end|p1a: Zoroark|Illusion\n|move|p1a: Zoroark|Dark Pulse|p2a: Xatu\n|-supereffective|p2a: Xatu\n|-damage|p2a: Xatu|0 fnt\n|faint|p2a: Xatu\n|-damage|p1a: Zoroark|103/233|[from] item: Life Orb\n|\n|upkeep\n|\n|t:|1685307078\n|switch|p2a: Eldegoss|Eldegoss, L90, F|217/254\n|turn|24\n|\n|t:|1685307084\n|switch|p2a: Vileplume|Vileplume, L84, F|263/263\n|move|p1a: Zoroark|Sludge Bomb|p2a: Vileplume\n|-damage|p2a: Vileplume|72/263\n|-damage|p1a: Zoroark|80/233|[from] item: Life Orb\n|\n|-heal|p2a: Vileplume|88/263|[from] item: Black Sludge\n|upkeep\n|turn|25\n|\n|t:|1685307087\n|move|p1a: Zoroark|Flamethrower|p2a: Vileplume\n|-supereffective|p2a: Vileplume\n|-damage|p2a: Vileplume|0 fnt\n|faint|p2a: Vileplume\n|-damage|p1a: Zoroark|57/233|[from] item: Life Orb\n|\n|upkeep\n|\n|t:|1685307090\n|switch|p2a: Machamp|Machamp, L82, M|248/282 brn\n|turn|26\n|\n|t:|1685307095\n|move|p2a: Machamp|Bullet Punch|p1a: Zoroark\n|-damage|p1a: Zoroark|0 fnt\n|faint|p1a: Zoroark\n|\n|-damage|p2a: Machamp|231/282 brn|[from] brn\n|upkeep\n|\n|t:|1685307097\n|switch|p1a: Regieleki|Regieleki, L78|190/253\n|turn|27\n|\n|t:|1685307099\n|move|p1a: Regieleki|Thunderbolt|p2a: Machamp\n|-damage|p2a: Machamp|74/282 brn\n|move|p2a: Machamp|Facade|p1a: Regieleki\n|-damage|p1a: Regieleki|0 fnt\n|faint|p1a: Regieleki\n|\n|win|gareeb adani\n|raw|deaniedean's rating: 1497 &rarr; <strong>1478</strong><br />(-19 for losing)\n|raw|gareeb adani's rating: 1511 &rarr; <strong>1530</strong><br />(+19 for winning)\n", "inputlog": ">version d74822bbc74c095aa312053f7034baee3068d99e\n>start {\"formatid\":\"gen8randombattle\",\"seed\":[32982,12984,57508,53119],\"rated\":\"Rated battle\"}\n>player p1 {\"name\":\"deaniedean\",\"avatar\":\"266\",\"rating\":1497,\"seed\":[19306,39947,21228,992]}\n>player p2 {\"name\":\"gareeb adani\",\"avatar\":\"2\",\"rating\":1532,\"seed\":[16571,25331,61053,64098]}\n>p1 move partingshot\n>p2 move closecombat\n>p1 switch 2\n>p1 move psychic\n>p2 switch 4\n>p1 switch 2\n>p2 move poltergeist\n>p1 move aurawheel\n>p2 switch 6\n>p1 move partingshot\n>p2 move pollenpuff\n>p1 switch 2\n>p1 move recover\n>p2 move pollenpuff\n>p1 switch 6\n>p2 move pollenpuff\n>p1 move quiverdance\n>p2 move sleeppowder\n>p1 move quiverdance\n>p2 switch 4\n>p1 move quiverdance\n>p2 move facade\n>p1 switch 5\n>p1 move bulkup\n>p2 switch 3\n>p1 move bravebird dynamax\n>p2 move haze\n>p1 move bravebird dynamax\n>p2 move haze\n>p2 switch 6\n>p1 move bravebird dynamax\n>p2 move foulplay\n>p1 move bravebird\n>p2 move foulplay\n>p2 switch 5\n>p1 move bulkup\n>p2 move psychic dynamax\n>p1 switch 2\n>p1 move aurawheel\n>p2 move heatwave dynamax\n>p1 move aurawheel\n>p2 move heatwave dynamax\n>p1 switch 4\n>p1 move thunderbolt\n>p2 switch 4\n>p1 move substitute\n>p2 move pollenpuff\n>p1 move voltswitch\n>p2 move pollenpuff\n>p1 switch 6\n>p1 switch 3\n>p1 move nastyplot\n>p2 switch 4\n>p1 move darkpulse\n>p2 move heatwave\n>p2 switch 4\n>p1 move sludgebomb\n>p2 switch 2\n>p1 move flamethrower\n>p2 move sludgebomb\n>p2 switch 3\n>p1 move flamethrower\n>p2 move bulletpunch\n>p1 switch 6\n>p1 move thunderbolt\n>p2 move facade", "uploadtime": 1685307102, "views": 3, "p1id": "deaniedean", "p2id": "gareebadani", "formatid": "gen8randombattle", "rating": 1478, "private": 0, "password": ""}