{"id": "gen8randombattle-1871966841", "p1": "Stormbriar", "p2": "koilerz", "format": "[Gen 8] Random Battle", "log": "|j|\u2606Stormbriar\n|j|\u2606koilerz\n|t:|1685154021\n|gametype|singles\n|player|p1|Stormbriar|pokekid|\n|player|p2|koilerz|ingo|\n|teamsize|p1|6\n|teamsize|p2|6\n|gen|8\n|tier|[Gen 8] Random Battle\n|rule|Species Clause: Limit one of each Pok\u00e9mon\n|rule|HP Percentage Mod: HP is shown in percentages\n|rule|Sleep Clause Mod: Limit one foe put to sleep\n|\n|t:|1685154021\n|start\n|switch|p1a: Cofagrigus|Cofagrigus, L86, M|240/240\n|switch|p2a: Arctovish|Arctovish, L86|295/295\n|turn|1\n|\n|t:|1685154063\n|move|p2a: Arctovish|Fishious Rend|p1a: Cofagrigus\n|-damage|p1a: Cofagrigus|63/240\n|-activate|p1a: Cofagrigus|ability: Mummy|Water Absorb|[of] p2a: Arctovish\n|move|p1a: Cofagrigus|Toxic Spikes|p2a: Arctovish\n|-sidestart|p2: koilerz|move: Toxic Spikes\n|\n|-heal|p1a: Cofagrigus|78/240|[from] item: Leftovers\n|upkeep\n|turn|2\n|\n|t:|1685154077\n|move|p2a: Arctovish|Fishious Rend|p1a: Cofagrigus\n|-damage|p1a: Cofagrigus|0 fnt\n|faint|p1a: Cofagrigus\n|\n|upkeep\n|\n|t:|1685154082\n|switch|p1a: Ludicolo|Ludicolo, L86, M|278/278\n|turn|3\n|\n|t:|1685154095\n|move|p1a: Ludicolo|Giga Drain|p2a: Arctovish\n|-supereffective|p2a: Arctovish\n|-damage|p2a: Arctovish|100/295\n|-damage|p1a: Ludicolo|251/278|[from] item: Life Orb\n|move|p2a: Arctovish|Fishious Rend|p1a: Ludicolo\n|-resisted|p1a: Ludicolo\n|-damage|p1a: Ludicolo|214/278\n|\n|upkeep\n|turn|4\n|\n|t:|1685154112\n|move|p1a: Ludicolo|Giga Drain|p2a: Arctovish\n|-supereffective|p2a: Arctovish\n|-damage|p2a: Arctovish|0 fnt\n|-heal|p1a: Ludicolo|264/278|[from] drain|[of] p2a: Arctovish\n|faint|p2a: Arctovish\n|-damage|p1a: Ludicolo|237/278|[from] item: Life Orb\n|\n|upkeep\n|\n|t:|1685154130\n|switch|p2a: Registeel|Registeel, L83|268/268\n|turn|5\n|\n|t:|1685154173\n|move|p1a: Ludicolo|Ice Beam|p2a: Registeel\n|-resisted|p2a: Registeel\n|-damage|p2a: Registeel|241/268\n|-damage|p1a: Ludicolo|210/278|[from] item: Life Orb\n|move|p2a: Registeel|Iron Head|p1a: Ludicolo\n|-resisted|p1a: Ludicolo\n|-damage|p1a: Ludicolo|168/278\n|\n|-heal|p2a: Registeel|257/268|[from] item: Leftovers\n|upkeep\n|turn|6\n|\n|t:|1685154189\n|move|p1a: Ludicolo|Rain Dance|p1a: Ludicolo\n|-weather|RainDance\n|move|p2a: Registeel|Curse|p2a: Registeel\n|-unboost|p2a: Registeel|spe|1\n|-boost|p2a: Registeel|atk|1\n|-boost|p2a: Registeel|def|1\n|\n|-weather|RainDance|[upkeep]\n|-heal|p2a: Registeel|268/268|[from] item: Leftovers\n|upkeep\n|turn|7\n|\n|t:|1685154200\n|move|p1a: Ludicolo|Scald|p2a: Registeel\n|-damage|p2a: Registeel|159/268\n|-damage|p1a: Ludicolo|141/278|[from] item: Life Orb\n|move|p2a: Registeel|Iron Head|p1a: Ludicolo\n|-resisted|p1a: Ludicolo\n|-damage|p1a: Ludicolo|86/278\n|\n|-weather|RainDance|[upkeep]\n|-heal|p2a: Registeel|175/268|[from] item: Leftovers\n|upkeep\n|turn|8\n|\n|t:|1685154211\n|move|p1a: Ludicolo|Scald|p2a: Registeel\n|-damage|p2a: Registeel|58/268\n|-status|p2a: Registeel|brn\n|-damage|p1a: Ludicolo|59/278|[from] item: Life Orb\n|move|p2a: Registeel|Iron Head|p1a: Ludicolo\n|-resisted|p1a: Ludicolo\n|-damage|p1a: Ludicolo|29/278\n|\n|-weather|RainDance|[upkeep]\n|-heal|p2a: Registeel|74/268 brn|[from] item: Leftovers\n|-damage|p2a: Registeel|58/268 brn|[from] brn\n|upkeep\n|turn|9\n|\n|t:|1685154222\n|move|p1a: Ludicolo|Scald|p2a: Registeel\n|-damage|p2a: Registeel|0 fnt\n|faint|p2a: Registeel\n|-damage|p1a: Ludicolo|2/278|[from] item: Life Orb\n|\n|-weather|RainDance|[upkeep]\n|upkeep\n|\n|t:|1685154227\n|switch|p2a: Pincurchin|Pincurchin, L88, F|228/228\n|-status|p2a: Pincurchin|psn\n|-fieldstart|move: Electric Terrain|[from] ability: Electric Surge|[of] p2a: Pincurchin\n|turn|10\n|\n|t:|1685154243\n|switch|p1a: Mamoswine|Mamoswine, L80, F|307/307\n|move|p2a: Pincurchin|Sucker Punch||[still]\n|-fail|p2a: Pincurchin\n|\n|-weather|none\n|-damage|p2a: Pincurchin|200/228 psn|[from] psn\n|upkeep\n|turn|11\n|\n|t:|1685154258\n|move|p1a: Mamoswine|Earthquake|p2a: Pincurchin\n|-supereffective|p2a: Pincurchin\n|-enditem|p2a: Pincurchin|Shuca Berry|[eat]\n|-enditem|p2a: Pincurchin|Shuca Berry|[weaken]\n|-damage|p2a: Pincurchin|97/228 psn\n|move|p2a: Pincurchin|Spikes|p1a: Mamoswine\n|-sidestart|p1: Stormbriar|Spikes\n|\n|-damage|p2a: Pincurchin|69/228 psn|[from] psn\n|upkeep\n|turn|12\n|\n|t:|1685154265\n|move|p1a: Mamoswine|Earthquake|p2a: Pincurchin\n|-supereffective|p2a: Pincurchin\n|-damage|p2a: Pincurchin|0 fnt\n|faint|p2a: Pincurchin\n|\n|upkeep\n|\n|t:|1685154270\n|switch|p2a: Runerigus|Runerigus, L84, F|235/235\n|-status|p2a: Runerigus|psn\n|turn|13\n|\n|t:|1685154294\n|switch|p1a: Ludicolo|Ludicolo, L86, M|2/278\n|-damage|p1a: Ludicolo|0 fnt|[from] Spikes\n|faint|p1a: Ludicolo\n|move|p2a: Runerigus|Earthquake|p1: Ludicolo|[notarget]\n|-fail|p2a: Runerigus\n|\n|-damage|p2a: Runerigus|206/235 psn|[from] psn\n|upkeep\n|\n|t:|1685154305\n|switch|p1a: Aromatisse|Aromatisse, L88, M|321/321\n|-damage|p1a: Aromatisse|281/321|[from] Spikes\n|turn|14\n|\n|t:|1685154317\n|move|p1a: Aromatisse|Protect|p1a: Aromatisse\n|-singleturn|p1a: Aromatisse|Protect\n|move|p2a: Runerigus|Toxic Spikes|p1a: Aromatisse\n|-sidestart|p1: Stormbriar|move: Toxic Spikes\n|\n|-heal|p1a: Aromatisse|301/321|[from] item: Leftovers\n|-heal|p2a: Runerigus|220/235 psn|[from] item: Leftovers\n|-damage|p2a: Runerigus|191/235 psn|[from] psn\n|-fieldend|move: Electric Terrain\n|upkeep\n|turn|15\n|\n|t:|1685154327\n|move|p1a: Aromatisse|Moonblast|p2a: Runerigus\n|-damage|p2a: Runerigus|88/235 psn\n|move|p2a: Runerigus|Stealth Rock|p1a: Aromatisse\n|-sidestart|p1: Stormbriar|move: Stealth Rock\n|\n|-heal|p1a: Aromatisse|321/321|[from] item: Leftovers\n|-heal|p2a: Runerigus|102/235 psn|[from] item: Leftovers\n|-damage|p2a: Runerigus|73/235 psn|[from] psn\n|upkeep\n|turn|16\n|\n|t:|1685154339\n|move|p1a: Aromatisse|Moonblast|p2a: Runerigus\n|-damage|p2a: Runerigus|0 fnt\n|faint|p2a: Runerigus\n|\n|upkeep\n|\n|t:|1685154346\n|switch|p2a: Talonflame|Talonflame, L81, M|259/259\n|turn|17\n|\n|t:|1685154371\n|move|p1a: Aromatisse|Protect|p1a: Aromatisse\n|-singleturn|p1a: Aromatisse|Protect\n|move|p2a: Talonflame|Swords Dance|p2a: Talonflame\n|-boost|p2a: Talonflame|atk|2\n|\n|upkeep\n|turn|18\n|\n|t:|1685154378\n|move|p2a: Talonflame|Swords Dance|p2a: Talonflame\n|-boost|p2a: Talonflame|atk|2\n|move|p1a: Aromatisse|Moonblast|p2a: Talonflame\n|-resisted|p2a: Talonflame\n|-damage|p2a: Talonflame|190/259\n|\n|upkeep\n|turn|19\n|\n|t:|1685154411\n|switch|p1a: Mamoswine|Mamoswine, L80, F|307/307\n|-damage|p1a: Mamoswine|269/307|[from] Spikes\n|-status|p1a: Mamoswine|psn\n|-damage|p1a: Mamoswine|231/307 psn|[from] Stealth Rock\n|move|p2a: Talonflame|Swords Dance|p2a: Talonflame\n|-boost|p2a: Talonflame|atk|2\n|\n|-damage|p1a: Mamoswine|193/307 psn|[from] psn\n|upkeep\n|turn|20\n|\n|t:|1685154444\n|move|p1a: Mamoswine|Knock Off|p2a: Talonflame\n|-damage|p2a: Talonflame|91/259\n|-enditem|p2a: Talonflame|Heavy-Duty Boots|[from] move: Knock Off|[of] p1a: Mamoswine\n|move|p2a: Talonflame|Flare Blitz|p1a: Mamoswine\n|-supereffective|p1a: Mamoswine\n|-damage|p1a: Mamoswine|0 fnt\n|faint|p1a: Mamoswine\n|-damage|p2a: Talonflame|27/259|[from] Recoil\n|\n|upkeep\n|\n|t:|1685154455\n|switch|p1a: Aromatisse|Aromatisse, L88, M|321/321\n|-damage|p1a: Aromatisse|281/321|[from] Spikes\n|-status|p1a: Aromatisse|psn\n|-damage|p1a: Aromatisse|241/321 psn|[from] Stealth Rock\n|turn|21\n|\n|t:|1685154472\n|move|p2a: Talonflame|Roost|p2a: Talonflame\n|-heal|p2a: Talonflame|157/259\n|-singleturn|p2a: Talonflame|move: Roost\n|move|p1a: Aromatisse|Moonblast|p2a: Talonflame\n|-resisted|p2a: Talonflame\n|-damage|p2a: Talonflame|93/259\n|-unboost|p2a: Talonflame|spa|1\n|\n|-heal|p1a: Aromatisse|261/321 psn|[from] item: Leftovers\n|-damage|p1a: Aromatisse|221/321 psn|[from] psn\n|upkeep\n|turn|22\n|\n|t:|1685154485\n|move|p1a: Aromatisse|Protect|p1a: Aromatisse\n|-singleturn|p1a: Aromatisse|Protect\n|move|p2a: Talonflame|Roost|p2a: Talonflame\n|-heal|p2a: Talonflame|223/259\n|-singleturn|p2a: Talonflame|move: Roost\n|\n|-heal|p1a: Aromatisse|241/321 psn|[from] item: Leftovers\n|-damage|p1a: Aromatisse|201/321 psn|[from] psn\n|upkeep\n|turn|23\n|\n|t:|1685154495\n|switch|p1a: Lucario|Lucario, L82, F|249/249\n|-damage|p1a: Lucario|218/249|[from] Spikes\n|-damage|p1a: Lucario|211/249|[from] Stealth Rock\n|move|p2a: Talonflame|Swords Dance|p2a: Talonflame\n|-boost|p2a: Talonflame|atk|0\n|\n|upkeep\n|turn|24\n|\n|t:|1685154514\n|move|p1a: Lucario|Extreme Speed|p2a: Talonflame\n|-damage|p2a: Talonflame|132/259\n|-damage|p1a: Lucario|187/249|[from] item: Life Orb\n|move|p2a: Talonflame|Flare Blitz|p1a: Lucario\n|-supereffective|p1a: Lucario\n|-damage|p1a: Lucario|0 fnt\n|faint|p1a: Lucario\n|-damage|p2a: Talonflame|70/259|[from] Recoil\n|\n|upkeep\n|\n|t:|1685154523\n|switch|p1a: Leafeon|Leafeon, L86, M|252/252\n|-damage|p1a: Leafeon|221/252|[from] Spikes\n|-status|p1a: Leafeon|psn\n|-enditem|p1a: Leafeon|Lum Berry|[eat]\n|-curestatus|p1a: Leafeon|psn|[msg]\n|-damage|p1a: Leafeon|190/252|[from] Stealth Rock\n|turn|25\n|\n|t:|1685154539\n|-start|p1a: Leafeon|Dynamax|\n|-heal|p1a: Leafeon|380/504|[silent]\n|move|p2a: Talonflame|Roost|p2a: Talonflame\n|-heal|p2a: Talonflame|200/259\n|-singleturn|p2a: Talonflame|move: Roost\n|move|p1a: Leafeon|Max Overgrowth|p2a: Talonflame\n|-resisted|p2a: Talonflame\n|-damage|p2a: Talonflame|98/259\n|-fieldstart|move: Grassy Terrain\n|\n|-heal|p2a: Talonflame|114/259|[from] Grassy Terrain\n|-heal|p1a: Leafeon|395/504|[from] Grassy Terrain\n|upkeep\n|turn|26\n|\n|t:|1685154560\n|move|p2a: Talonflame|Flare Blitz|p1a: Leafeon\n|-supereffective|p1a: Leafeon\n|-damage|p1a: Leafeon|0 fnt\n|faint|p1a: Leafeon\n|-damage|p2a: Talonflame|0 fnt|[from] Recoil\n|faint|p2a: Talonflame\n|\n|upkeep\n|\n|t:|1685154572\n|switch|p2a: Mesprit|Mesprit, L84|272/272\n|switch|p1a: Aromatisse|Aromatisse, L88, M|201/321 psn\n|-damage|p1a: Aromatisse|161/321 psn|[from] Spikes\n|-damage|p1a: Aromatisse|121/321 psn|[from] Stealth Rock\n|turn|27\n|\n|t:|1685154592\n|-start|p2a: Mesprit|Dynamax|\n|-heal|p2a: Mesprit|544/544|[silent]\n|move|p2a: Mesprit|Max Guard|p2a: Mesprit\n|-singleturn|p2a: Mesprit|Max Guard\n|move|p1a: Aromatisse|Wish|p1a: Aromatisse\n|\n|-heal|p1a: Aromatisse|141/321 psn|[from] Grassy Terrain\n|-heal|p1a: Aromatisse|161/321 psn|[from] item: Leftovers\n|-damage|p1a: Aromatisse|121/321 psn|[from] psn\n|upkeep\n|turn|28\n|\n|t:|1685154600\n|move|p1a: Aromatisse|Protect|p1a: Aromatisse\n|-singleturn|p1a: Aromatisse|Protect\n|move|p2a: Mesprit|Max Mindstorm|p1a: Aromatisse\n|-zbroken|p1a: Aromatisse\n|-damage|p1a: Aromatisse|86/321 psn\n|-fieldstart|move: Psychic Terrain\n|\n|-heal|p1a: Aromatisse|246/321 psn|[from] move: Wish|[wisher] Aromatisse\n|-heal|p1a: Aromatisse|266/321 psn|[from] item: Leftovers\n|-damage|p1a: Aromatisse|226/321 psn|[from] psn\n|upkeep\n|turn|29\n|\n|t:|1685154614\n|move|p2a: Mesprit|Max Mindstorm|p1a: Aromatisse\n|-damage|p1a: Aromatisse|79/321 psn\n|move|p1a: Aromatisse|Moonblast|p2a: Mesprit\n|-damage|p2a: Mesprit|448/544\n|\n|-heal|p2a: Mesprit|465/544|[from] item: Leftovers\n|-heal|p1a: Aromatisse|99/321 psn|[from] item: Leftovers\n|-damage|p1a: Aromatisse|59/321 psn|[from] psn\n|upkeep\n|-end|p2a: Mesprit|Dynamax\n|-heal|p2a: Mesprit|233/272|[silent]\n|turn|30\n|\n|t:|1685154625\n|move|p1a: Aromatisse|Protect|p1a: Aromatisse\n|-singleturn|p1a: Aromatisse|Protect\n|move|p2a: Mesprit|Psychic|p1a: Aromatisse\n|-activate|p1a: Aromatisse|move: Protect\n|\n|-heal|p2a: Mesprit|250/272|[from] item: Leftovers\n|-heal|p1a: Aromatisse|79/321 psn|[from] item: Leftovers\n|-damage|p1a: Aromatisse|39/321 psn|[from] psn\n|upkeep\n|turn|31\n|\n|t:|1685154634\n|move|p2a: Mesprit|Psychic|p1a: Aromatisse\n|-damage|p1a: Aromatisse|0 fnt\n|faint|p1a: Aromatisse\n|\n|win|koilerz\n|l|\u2606Stormbriar\n", "inputlog": ">version d74822bbc74c095aa312053f7034baee3068d99e\n>start {\"formatid\":\"gen8randombattle\",\"seed\":[55218,43446,3826,23694]}\n>player p1 {\"name\":\"Stormbriar\",\"avatar\":\"pokekid\",\"rating\":0,\"seed\":[30263,41200,30118,35380]}\n>player p2 {\"name\":\"koilerz\",\"avatar\":\"ingo\",\"rating\":0,\"seed\":[26471,30478,11113,48077]}\n>p1 move toxicspikes\n>p2 move fishiousrend\n>p1 move toxicspikes\n>p2 move fishiousrend\n>p1 switch 5\n>p1 move gigadrain\n>p2 move fishiousrend\n>p1 move gigadrain\n>p2 move fishiousrend\n>p2 switch 4\n>p1 move icebeam\n>p2 move ironhead\n>p1 move raindance\n>p2 move curse\n>p1 move scald\n>p2 move ironhead\n>p1 move scald\n>p2 move ironhead\n>p1 move scald\n>p2 move rest\n>p2 switch 3\n>p1 switch 3\n>p2 move suckerpunch\n>p1 move earthquake\n>p2 move spikes\n>p1 move earthquake\n>p2 move spikes\n>p2 switch 5\n>p1 switch 3\n>p2 move earthquake\n>p1 switch 2\n>p1 move protect\n>p2 move toxicspikes\n>p1 move moonblast\n>p2 move stealthrock\n>p1 move moonblast\n>p2 move toxicspikes\n>p2 switch 2\n>p1 move protect\n>p2 move swordsdance\n>p1 move moonblast\n>p2 move swordsdance\n>p1 switch 3\n>p2 move swordsdance\n>p1 move knockoff\n>p2 move flareblitz\n>p1 switch 3\n>p1 move moonblast\n>p2 move roost\n>p1 move protect\n>p2 move roost\n>p1 switch 6\n>p2 move swordsdance\n>p1 move extremespeed\n>p2 move flareblitz\n>p1 switch 4\n>p1 move leafblade dynamax\n>p2 move roost\n>p1 move doubleedge dynamax\n>p2 move flareblitz\n>p1 switch 6\n>p2 switch 6\n>p1 move wish\n>p2 move nastyplot dynamax\n>p1 move protect\n>p2 move psychic dynamax\n>p1 move moonblast\n>p2 move psychic dynamax\n>p1 move protect\n>p2 move psychic\n>p1 move wish\n>p2 move psychic", "uploadtime": 1685154640, "views": 7, "p1id": "stormbriar", "p2id": "koilerz", "formatid": "gen8randombattle", "rating": 0, "private": 0, "password": ""}