{"id": "gen8randombattle-1871994426", "p1": "Jackem", "p2": "Itachinemo", "format": "[Gen 8] Random Battle", "log": "|j|\u2606Jackem\n|j|\u2606Itachinemo\n|t:|1685158166\n|gametype|singles\n|player|p1|Jackem|riley|1266\n|player|p2|Itachinemo|101|1336\n|teamsize|p1|6\n|teamsize|p2|6\n|gen|8\n|tier|[Gen 8] Random Battle\n|rated|\n|rule|Species Clause: Limit one of each Pok\u00e9mon\n|rule|HP Percentage Mod: HP is shown in percentages\n|rule|Sleep Clause Mod: Limit one foe put to sleep\n|\n|t:|1685158166\n|start\n|switch|p1a: Umbreon|Umbreon, L82, F|290/290\n|switch|p2a: Lycanroc|Lycanroc-Dusk, L80, M|251/251\n|turn|1\n|\n|t:|1685158191\n|switch|p1a: Scolipede|Scolipede, L80, M|227/227\n|move|p2a: Lycanroc|Close Combat|p1a: Scolipede\n|-resisted|p1a: Scolipede\n|-damage|p1a: Scolipede|198/227\n|-unboost|p2a: Lycanroc|def|1\n|-unboost|p2a: Lycanroc|spd|1\n|\n|upkeep\n|turn|2\n|\n|t:|1685158200\n|move|p1a: Scolipede|Earthquake|p2a: Lycanroc\n|-supereffective|p2a: Lycanroc\n|-enditem|p2a: Lycanroc|Focus Sash\n|-damage|p2a: Lycanroc|1/251\n|move|p2a: Lycanroc|Stone Edge|p1a: Scolipede|[miss]\n|-miss|p2a: Lycanroc|p1a: Scolipede\n|\n|-ability|p1a: Scolipede|Speed Boost|boost\n|-boost|p1a: Scolipede|spe|1\n|upkeep\n|turn|3\n|inactive|Battle timer is ON: inactive players will automatically lose when time's up. (requested by Itachinemo)\n|\n|t:|1685158221\n|move|p2a: Lycanroc|Accelerock|p1a: Scolipede\n|-supereffective|p1a: Scolipede\n|-damage|p1a: Scolipede|84/227\n|move|p1a: Scolipede|Earthquake|p2a: Lycanroc\n|-supereffective|p2a: Lycanroc\n|-damage|p2a: Lycanroc|0 fnt\n|faint|p2a: Lycanroc\n|\n|-ability|p1a: Scolipede|Speed Boost|boost\n|-boost|p1a: Scolipede|spe|1\n|upkeep\n|\n|t:|1685158234\n|switch|p2a: Togekiss|Togekiss, L80, M|267/267\n|turn|4\n|\n|t:|1685158248\n|move|p1a: Scolipede|Poison Jab|p2a: Togekiss\n|-supereffective|p2a: Togekiss\n|-damage|p2a: Togekiss|105/267\n|-status|p2a: Togekiss|psn\n|move|p2a: Togekiss|Air Slash|p1a: Scolipede\n|-supereffective|p1a: Scolipede\n|-damage|p1a: Scolipede|0 fnt\n|faint|p1a: Scolipede\n|\n|-damage|p2a: Togekiss|72/267 psn|[from] psn\n|upkeep\n|\n|t:|1685158260\n|switch|p1a: Reshiram|Reshiram, L74|270/270\n|-ability|p1a: Reshiram|Turboblaze\n|turn|5\n|\n|t:|1685158269\n|switch|p2a: Kyogre|Kyogre, L72|263/263\n|-weather|RainDance|[from] ability: Drizzle|[of] p2a: Kyogre\n|move|p1a: Reshiram|Blue Flare|p2a: Kyogre\n|-resisted|p2a: Kyogre\n|-damage|p2a: Kyogre|234/263\n|\n|-weather|RainDance|[upkeep]\n|upkeep\n|turn|6\n|\n|t:|1685158289\n|switch|p1a: Umbreon|Umbreon, L82, F|290/290\n|move|p2a: Kyogre|Water Spout|p1a: Umbreon\n|-damage|p1a: Umbreon|61/290\n|\n|-weather|RainDance|[upkeep]\n|-heal|p1a: Umbreon|79/290|[from] item: Leftovers\n|upkeep\n|turn|7\n|\n|t:|1685158297\n|move|p1a: Umbreon|Protect|p1a: Umbreon\n|-singleturn|p1a: Umbreon|Protect\n|move|p2a: Kyogre|Water Spout|p1a: Umbreon\n|-activate|p1a: Umbreon|move: Protect\n|\n|-weather|RainDance|[upkeep]\n|-heal|p1a: Umbreon|97/290|[from] item: Leftovers\n|upkeep\n|turn|8\n|\n|t:|1685158307\n|move|p2a: Kyogre|Water Spout|p1a: Umbreon\n|-damage|p1a: Umbreon|0 fnt\n|faint|p1a: Umbreon\n|\n|-weather|RainDance|[upkeep]\n|upkeep\n|\n|t:|1685158317\n|switch|p1a: Aromatisse|Aromatisse, L88, F|321/321\n|turn|9\n|\n|t:|1685158326\n|switch|p2a: Maractus|Maractus, L95, M|296/296\n|move|p1a: Aromatisse|Protect||[still]\n|-fail|p1a: Aromatisse\n|\n|-weather|none\n|upkeep\n|turn|10\n|-message|Jackem forfeited.\n|\n|win|Itachinemo\n|raw|Jackem's rating: 1243 &rarr; <strong>1225</strong><br />(-18 for losing)\n|raw|Itachinemo's rating: 1336 &rarr; <strong>1351</strong><br />(+15 for winning)\n|l|\u2606Jackem\n", "inputlog": ">version d74822bbc74c095aa312053f7034baee3068d99e\n>start {\"formatid\":\"gen8randombattle\",\"seed\":[35148,2790,3993,39728],\"rated\":\"Rated battle\"}\n>player p1 {\"name\":\"Jackem\",\"avatar\":\"riley\",\"rating\":1266,\"seed\":[51815,38840,29975,14927]}\n>player p2 {\"name\":\"Itachinemo\",\"avatar\":\"101\",\"rating\":1336,\"seed\":[34765,40410,43506,36340]}\n>p1 switch 4\n>p2 move closecombat\n>p1 move earthquake\n>p2 move stoneedge\n>p1 move earthquake\n>p2 move accelerock\n>p2 switch 3\n>p1 move poisonjab\n>p2 move airslash\n>p1 switch 5\n>p1 move blueflare\n>p2 switch 5\n>p1 switch 4\n>p2 move waterspout\n>p1 move protect\n>p2 move waterspout\n>p1 move wish\n>p2 move waterspout\n>p1 switch 2\n>p1 move protect\n>p2 switch 2\n>forcelose p1", "uploadtime": 1685158343, "views": 3, "p1id": "jackem", "p2id": "itachinemo", "formatid": "gen8randombattle", "rating": 1225, "private": 0, "password": ""}