{"id": "gen8randombattle-1861737165", "p1": "ZXD_9876", "p2": "youngelove", "format": "[Gen 8] Random Battle", "log": "|j|\u2606ZXD_9876\n|j|\u2606youngelove\n|t:|1683802325\n|gametype|singles\n|player|p1|ZXD_9876|101|\n|player|p2|youngelove|102|\n|teamsize|p1|6\n|teamsize|p2|6\n|gen|8\n|tier|[Gen 8] Random Battle\n|rule|Species Clause: Limit one of each Pok\u00e9mon\n|rule|HP Percentage Mod: HP is shown in percentages\n|rule|Sleep Clause Mod: Limit one foe put to sleep\n|\n|t:|1683802325\n|start\n|switch|p1a: Seaking|Seaking, L88, M|284/284\n|switch|p2a: Articuno|Articuno-Galar, L80|275/275\n|turn|1\n|inactive|Battle timer is ON: inactive players will automatically lose when time's up. (requested by ZXD_9876)\n|c|\u2606youngelove|\uc65c\uc774\ub9ac\n|c|\u2606youngelove|\ubc14\ubcf4\uac19\uc774 \ud558\ub2c8\n|c|\u2606youngelove|\ud50c\ub808\uc774\ub97c\n|\n|t:|1683802340\n|move|p2a: Articuno|Air Slash|p1a: Seaking\n|-damage|p1a: Seaking|194/284\n|move|p1a: Seaking|Knock Off|p2a: Articuno\n|-supereffective|p2a: Articuno\n|-damage|p2a: Articuno|49/275\n|-enditem|p2a: Articuno|Heavy-Duty Boots|[from] move: Knock Off|[of] p1a: Seaking\n|\n|upkeep\n|turn|2\n|\n|t:|1683802351\n|move|p2a: Articuno|Recover|p2a: Articuno\n|-heal|p2a: Articuno|187/275\n|move|p1a: Seaking|Knock Off|p2a: Articuno\n|-supereffective|p2a: Articuno\n|-damage|p2a: Articuno|31/275\n|\n|upkeep\n|turn|3\n|\n|t:|1683802360\n|move|p2a: Articuno|Air Slash|p1a: Seaking\n|-damage|p1a: Seaking|109/284\n|cant|p1a: Seaking|flinch\n|\n|upkeep\n|turn|4\n|\n|t:|1683802373\n|move|p2a: Articuno|Freezing Glare|p1a: Seaking\n|-damage|p1a: Seaking|1/284\n|move|p1a: Seaking|Knock Off|p2a: Articuno\n|-supereffective|p2a: Articuno\n|-damage|p2a: Articuno|0 fnt\n|faint|p2a: Articuno\n|\n|upkeep\n|c|\u2606ZXD_9876|\ud3ec\ucf13\ubaac\uc774\n|c|\u2606ZXD_9876|\ub354 \ub178\ub2f5\uc778\u3137\n|\n|t:|1683802385\n|switch|p2a: Inteleon|Inteleon, L80, M|243/243\n|turn|5\n|c|\u2606ZXD_9876|\uadf8\ub7fc \uc5b4\uce74\ub2c8\n|\n|t:|1683802391\n|move|p2a: Inteleon|Ice Beam|p1a: Seaking\n|-resisted|p1a: Seaking\n|-crit|p1a: Seaking\n|-damage|p1a: Seaking|0 fnt\n|faint|p1a: Seaking\n|\n|upkeep\n|\n|t:|1683802416\n|switch|p1a: Urshifu|Urshifu-Rapid-Strike, L78, F|284/284\n|turn|6\n|c|\u2606youngelove|\ud3ec\ucf13\ubaac\n|c|\u2606youngelove|\ub178\ub2f5\uc778\ub370\n|c|\u2606ZXD_9876|\ud558\uc544\n|\n|t:|1683802436\n|switch|p2a: Corviknight|Corviknight, L78, M|281/281\n|switch|p1a: Regirock|Regirock, L85|275/275\n|\n|upkeep\n|turn|7\n|c|\u2606ZXD_9876|\uc9c4\uc9dc\n|c|\u2606youngelove|\u314b\n|\n|t:|1683802447\n|switch|p2a: Shuckle|Shuckle, L87, M|177/177\n|switch|p1a: Chandelure|Chandelure, L82, M|233/233\n|\n|upkeep\n|turn|8\n|\n|t:|1683802460\n|move|p1a: Chandelure|Calm Mind|p1a: Chandelure\n|-boost|p1a: Chandelure|spa|1\n|-boost|p1a: Chandelure|spd|1\n|move|p2a: Shuckle|Sticky Web|p1a: Chandelure\n|-sidestart|p1: ZXD_9876|move: Sticky Web\n|\n|upkeep\n|turn|9\n|c|\u2606youngelove|\ub108\ubb34 \uc4f0\ub808\uae30\ub2e4\n|\n|t:|1683802471\n|move|p1a: Chandelure|Fire Blast|p2a: Shuckle\n|-damage|p2a: Shuckle|74/177\n|move|p2a: Shuckle|Knock Off|p1a: Chandelure\n|-supereffective|p1a: Chandelure\n|-damage|p1a: Chandelure|191/233\n|-enditem|p1a: Chandelure|Heavy-Duty Boots|[from] move: Knock Off|[of] p2a: Shuckle\n|\n|upkeep\n|turn|10\n|\n|t:|1683802483\n|move|p1a: Chandelure|Shadow Ball|p2a: Shuckle\n|-damage|p2a: Shuckle|7/177\n|move|p2a: Shuckle|Stealth Rock|p1a: Chandelure\n|-sidestart|p1: ZXD_9876|move: Stealth Rock\n|\n|upkeep\n|turn|11\n|\n|t:|1683802490\n|move|p1a: Chandelure|Shadow Ball|p2a: Shuckle\n|-damage|p2a: Shuckle|0 fnt\n|faint|p2a: Shuckle\n|\n|upkeep\n|c|\u2606ZXD_9876|\ud558\n|\n|t:|1683802496\n|switch|p2a: Inteleon|Inteleon, L80, M|243/243\n|turn|12\n|c|\u2606ZXD_9876|\ub358\uc9c0\uace0\uc2f6\ub124\n|\n|t:|1683802502\n|-start|p1a: Chandelure|Dynamax|\n|-heal|p1a: Chandelure|382/466|[silent]\n|move|p2a: Inteleon|Hydro Pump|p1a: Chandelure\n|-supereffective|p1a: Chandelure\n|-crit|p1a: Chandelure\n|-damage|p1a: Chandelure|0 fnt\n|faint|p1a: Chandelure\n|\n|upkeep\n|-message|ZXD_9876 forfeited.\n|\n|win|youngelove\n|l|\u2606ZXD_9876\n", "inputlog": ">version bce759c5f189753f4322d11c9e5aa78bbe1b1bf9\n>start {\"formatid\":\"gen8randombattle\",\"seed\":[22307,36001,41717,19934]}\n>player p1 {\"name\":\"ZXD_9876\",\"avatar\":\"101\",\"rating\":0,\"seed\":[7713,15648,53712,27597]}\n>player p2 {\"name\":\"youngelove\",\"avatar\":\"102\",\"rating\":0,\"seed\":[40898,31382,49611,2680]}\n>chat \u2606youngelove|\uc65c\uc774\ub9ac\n>chat \u2606youngelove|\ubc14\ubcf4\uac19\uc774 \ud558\ub2c8\n>chat \u2606youngelove|\ud50c\ub808\uc774\ub97c\n>p1 move knockoff\n>p2 move airslash\n>p1 move knockoff\n>p2 move recover\n>p1 move knockoff\n>p2 move airslash\n>p1 move knockoff\n>p2 move freezingglare\n>chat \u2606ZXD_9876|\ud3ec\ucf13\ubaac\uc774\n>chat \u2606ZXD_9876|\ub354 \ub178\ub2f5\uc778\u3137\n>p2 switch 4\n>chat \u2606ZXD_9876|\uadf8\ub7fc \uc5b4\uce74\ub2c8\n>p1 move knockoff\n>p2 move icebeam\n>p1 switch 3\n>chat \u2606youngelove|\ud3ec\ucf13\ubaac\n>chat \u2606youngelove|\ub178\ub2f5\uc778\ub370\n>chat \u2606ZXD_9876|\ud558\uc544\n>p1 switch 5\n>p2 switch 3\n>chat \u2606ZXD_9876|\uc9c4\uc9dc\n>chat \u2606youngelove|\u314b\n>p1 switch 6\n>p2 switch 6\n>p1 move calmmind\n>p2 move stickyweb\n>chat \u2606youngelove|\ub108\ubb34 \uc4f0\ub808\uae30\ub2e4\n>p1 move fireblast\n>p2 move knockoff\n>p1 move shadowball\n>p2 move stealthrock\n>p1 move shadowball\n>p2 move toxic\n>chat \u2606ZXD_9876|\ud558\n>p2 switch 3\n>chat \u2606ZXD_9876|\ub358\uc9c0\uace0\uc2f6\ub124\n>p1 move energyball dynamax\n>p2 move hydropump\n>forcelose p1", "uploadtime": 1683802515, "views": 4, "p1id": "zxd9876", "p2id": "youngelove", "formatid": "gen8randombattle", "rating": 0, "private": 0, "password": ""}