|j|☆Nerd kid o
|j|☆czcyf
|t:|1685373132
|gametype|singles
|player|p1|Nerd kid o|unknown|1054
|player|p2|czcyf|acerola|1163
|teamsize|p1|6
|teamsize|p2|6
|gen|8
|tier|[Gen 8] Random Battle
|rated|
|rule|Species Clause: Limit one of each Pokémon
|rule|HP Percentage Mod: HP is shown in percentages
|rule|Sleep Clause Mod: Limit one foe put to sleep
|
|t:|1685373132
|start
|switch|p1a: Audino|Audino, L91, M|335/335
|switch|p2a: Lycanroc|Lycanroc-Midnight, L82, M|274/274
|turn|1
|
|t:|1685373153
|move|p2a: Lycanroc|Swords Dance|p2a: Lycanroc
|-boost|p2a: Lycanroc|atk|2
|move|p1a: Audino|Knock Off|p2a: Lycanroc
|-damage|p2a: Lycanroc|213/274
|-enditem|p2a: Lycanroc|Life Orb|[from] move: Knock Off|[of] p1a: Audino
|
|upkeep
|turn|2
|
|t:|1685373166
|move|p2a: Lycanroc|Swords Dance|p2a: Lycanroc
|-boost|p2a: Lycanroc|atk|2
|move|p1a: Audino|Toxic|p2a: Lycanroc
|-status|p2a: Lycanroc|tox
|
|-damage|p2a: Lycanroc|196/274 tox|[from] psn
|upkeep
|turn|3
|
|t:|1685373176
|move|p2a: Lycanroc|Stone Edge|p1a: Audino
|-damage|p1a: Audino|0 fnt
|faint|p1a: Audino
|
|-damage|p2a: Lycanroc|162/274 tox|[from] psn
|upkeep
|
|t:|1685373180
|switch|p1a: Gastrodon|Gastrodon-East, L84, F|324/324
|turn|4
|
|t:|1685373189
|move|p2a: Lycanroc|Sucker Punch|p1a: Gastrodon
|-damage|p1a: Gastrodon|123/324
|move|p1a: Gastrodon|Scald|p2a: Lycanroc
|-supereffective|p2a: Lycanroc
|-damage|p2a: Lycanroc|0 fnt
|faint|p2a: Lycanroc
|
|-heal|p1a: Gastrodon|143/324|[from] item: Leftovers
|upkeep
|
|t:|1685373198
|switch|p2a: Orbeetle|Orbeetle, L86, F|243/243
|-item|p1a: Gastrodon|Leftovers|[from] ability: Frisk|[of] p2a: Orbeetle|[identify]
|turn|5
|
|t:|1685373209
|switch|p1a: Lilligant|Lilligant, L84, F|255/255
|move|p2a: Orbeetle|Sticky Web|p1a: Lilligant
|-sidestart|p1: Nerd kid o|move: Sticky Web
|
|upkeep
|turn|6
|
|t:|1685373224
|move|p2a: Orbeetle|U-turn|p1a: Lilligant
|-supereffective|p1a: Lilligant
|-damage|p1a: Lilligant|153/255
|
|t:|1685373235
|switch|p2a: Buzzwole|Buzzwole, L77|291/291|[from] U-turn
|move|p1a: Lilligant|Giga Drain|p2a: Buzzwole
|-resisted|p2a: Buzzwole
|-damage|p2a: Buzzwole|203/291
|-heal|p1a: Lilligant|197/255|[from] drain|[of] p2a: Buzzwole
|-damage|p1a: Lilligant|172/255|[from] item: Life Orb
|
|upkeep
|turn|7
|
|t:|1685373247
|switch|p1a: Orbeetle|Orbeetle, L86, F|243/243
|-item|p2a: Buzzwole|Choice Band|[from] ability: Frisk|[of] p1a: Orbeetle|[identify]
|move|p2a: Buzzwole|Leech Life|p1a: Orbeetle
|-supereffective|p1a: Orbeetle
|-damage|p1a: Orbeetle|15/243
|-heal|p2a: Buzzwole|291/291|[from] drain|[of] p1a: Orbeetle
|
|upkeep
|turn|8
|
|t:|1685373253
|move|p1a: Orbeetle|Sticky Web|p2a: Buzzwole
|-sidestart|p2: czcyf|move: Sticky Web
|move|p2a: Buzzwole|Leech Life|p1a: Orbeetle
|-supereffective|p1a: Orbeetle
|-crit|p1a: Orbeetle
|-damage|p1a: Orbeetle|0 fnt
|faint|p1a: Orbeetle
|-ability|p2a: Buzzwole|Beast Boost|boost
|-boost|p2a: Buzzwole|atk|1
|
|upkeep
|
|t:|1685373266
|switch|p1a: Suicune|Suicune, L80|291/291
|-activate|p1a: Suicune|move: Sticky Web
|-unboost|p1a: Suicune|spe|1
|-ability|p1a: Suicune|Pressure
|turn|9
|
|t:|1685373271
|move|p2a: Buzzwole|Leech Life|p1a: Suicune
|-damage|p1a: Suicune|104/291
|move|p1a: Suicune|Ice Beam|p2a: Buzzwole
|-damage|p2a: Buzzwole|201/291
|
|-heal|p1a: Suicune|122/291|[from] item: Leftovers
|upkeep
|turn|10
|
|t:|1685373277
|switch|p1a: Pheromosa|Pheromosa, L75|230/230
|-activate|p1a: Pheromosa|move: Sticky Web
|-unboost|p1a: Pheromosa|spe|1
|move|p2a: Buzzwole|Leech Life|p1a: Pheromosa
|-resisted|p1a: Pheromosa
|-damage|p1a: Pheromosa|11/230
|-heal|p2a: Buzzwole|291/291|[from] drain|[of] p1a: Pheromosa
|
|upkeep
|turn|11
|
|t:|1685373288
|move|p1a: Pheromosa|Throat Chop|p2a: Buzzwole
|-resisted|p2a: Buzzwole
|-damage|p2a: Buzzwole|264/291
|-start|p2a: Buzzwole|Throat Chop|[silent]
|-damage|p1a: Pheromosa|0 fnt|[from] item: Life Orb
|faint|p1a: Pheromosa
|move|p2a: Buzzwole|Leech Life|p1: Pheromosa|[notarget]
|-fail|p2a: Buzzwole
|
|upkeep
|
|t:|1685373291
|switch|p1a: Lilligant|Lilligant, L84, F|172/255
|-activate|p1a: Lilligant|move: Sticky Web
|-unboost|p1a: Lilligant|spe|1
|turn|12
|
|t:|1685373295
|move|p2a: Buzzwole|Leech Life|p1a: Lilligant
|-supereffective|p1a: Lilligant
|-damage|p1a: Lilligant|0 fnt
|-heal|p2a: Buzzwole|291/291|[from] drain|[of] p1a: Lilligant
|faint|p1a: Lilligant
|-ability|p2a: Buzzwole|Beast Boost|boost
|-boost|p2a: Buzzwole|atk|1
|
|-end|p2a: Buzzwole|Throat Chop|[silent]
|upkeep
|
|t:|1685373298
|switch|p1a: Gastrodon|Gastrodon-East, L84, F|143/324
|-activate|p1a: Gastrodon|move: Sticky Web
|-unboost|p1a: Gastrodon|spe|1
|turn|13
|
|t:|1685373302
|move|p2a: Buzzwole|Leech Life|p1a: Gastrodon
|-damage|p1a: Gastrodon|0 fnt
|faint|p1a: Gastrodon
|-ability|p2a: Buzzwole|Beast Boost|boost
|-boost|p2a: Buzzwole|atk|1
|
|upkeep
|
|t:|1685373305
|switch|p1a: Suicune|Suicune, L80|122/291
|-activate|p1a: Suicune|move: Sticky Web
|-unboost|p1a: Suicune|spe|1
|-ability|p1a: Suicune|Pressure
|turn|14
|
|t:|1685373309
|move|p2a: Buzzwole|Leech Life|p1a: Suicune
|-damage|p1a: Suicune|0 fnt
|faint|p1a: Suicune
|
|win|czcyf
|raw|Nerd kid o's rating: 1054 &rarr; <strong>1041</strong><br />(-13 for losing)
|raw|czcyf's rating: 1163 &rarr; <strong>1180</strong><br />(+17 for winning)
