|j|☆pokemonkorea co kr
|j|☆Flinchhaxisgreat~
|inactive|Battle timer is ON: inactive players will automatically lose when time's up.
|t:|1685101359
|gametype|singles
|j|*Lady Monita
|player|p1|pokemonkorea co kr|wally|
|player|p2|Flinchhaxisgreat~|ethan-pokeathlon|
|teamsize|p1|24
|teamsize|p2|24
|gen|8
|tier|[Gen 8] Random Battle
|rated|Tournament battle
|rule|Species Clause: Limit one of each Pokémon
|rule|HP Percentage Mod: HP is shown in percentages
|rule|Sleep Clause Mod: Limit one foe put to sleep
|rule|Dynamax Clause: You cannot dynamax
|clearpoke
|poke|p1|Umbreon, L84, M|
|poke|p1|Slurpuff, L84, M|
|poke|p1|Cursola, L88, M|
|poke|p1|Orbeetle, L88, M|
|poke|p1|Naganadel, L76|
|poke|p1|Polteageist, L84|
|poke|p1|Cobalion, L82|
|poke|p1|Zarude-Dada, L82|
|poke|p1|Slowbro-Galar, L83, F|
|poke|p1|Throh, L88, M|
|poke|p1|Porygon-Z, L85|
|poke|p1|Scyther, L87, M|
|poke|p1|Bisharp, L80, M|
|poke|p1|Nihilego, L82|
|poke|p1|Kartana, L80|
|poke|p1|Kingler, L87, F|
|poke|p1|Gothitelle, L88, M|
|poke|p1|Qwilfish, L88, M|
|poke|p1|Mesprit, L88|
|poke|p1|Registeel, L84|
|poke|p1|Zapdos-Galar, L81|
|poke|p1|Leafeon, L88, F|
|poke|p1|Frosmoth, L88, F|
|poke|p1|Vespiquen, L96, F|
|poke|p2|Boltund, L88, M|
|poke|p2|Beartic, L88, M|
|poke|p2|Tyrantrum, L86, M|
|poke|p2|Mamoswine, L82, F|
|poke|p2|Crobat, L84, M|
|poke|p2|Seismitoad, L84, F|
|poke|p2|Klefki, L84, F|
|poke|p2|Stakataka, L86|
|poke|p2|Magmortar, L88, M|
|poke|p2|Xurkitree, L84|
|poke|p2|Dugtrio, L84, M|
|poke|p2|Kyurem-Black, L76|
|poke|p2|Incineroar, L84, F|
|poke|p2|Type: Null, L88|
|poke|p2|Obstagoon, L83, F|
|poke|p2|Carbink, L88|
|poke|p2|Quagsire, L88, F|
|poke|p2|Emolga, L88, M|
|poke|p2|Jolteon, L84, M|
|poke|p2|Blacephalon, L80|
|poke|p2|Indeedee, L85, M|
|poke|p2|Jellicent, L88, F|
|poke|p2|Wobbuffet, L86, M|
|poke|p2|Vikavolt, L88, F|
|teampreview|6
|inactive|pokemonkorea co kr has 120 seconds left.
|inactive|Flinchhaxisgreat~ has 120 seconds left.
|inactive|pokemonkorea co kr has 90 seconds left.
|inactive|Flinchhaxisgreat~ has 90 seconds left.
|
|t:|1685101444
|start
|switch|p1a: Kingler|Kingler, L87, F|324/324
|switch|p2a: Tyrantrum|Tyrantrum, L86, M|245/245
|turn|1
|
|t:|1685101457
|move|p1a: Kingler|Waterfall|p2a: Tyrantrum
|-damage|p2a: Tyrantrum|181/245
|-damage|p1a: Kingler|292/324|[from] item: Life Orb
|move|p2a: Tyrantrum|Stone Edge|p1a: Kingler
|-damage|p1a: Kingler|163/324
|
|upkeep
|turn|2
|
|t:|1685101463
|move|p1a: Kingler|Waterfall|p2a: Tyrantrum
|-damage|p2a: Tyrantrum|115/245
|-damage|p1a: Kingler|131/324|[from] item: Life Orb
|cant|p2a: Tyrantrum|flinch
|
|upkeep
|turn|3
|
|t:|1685101468
|move|p1a: Kingler|Waterfall|p2a: Tyrantrum
|-damage|p2a: Tyrantrum|51/245
|-damage|p1a: Kingler|99/324|[from] item: Life Orb
|cant|p2a: Tyrantrum|flinch
|
|upkeep
|turn|4
|
|t:|1685101473
|move|p1a: Kingler|Waterfall|p2a: Tyrantrum
|-damage|p2a: Tyrantrum|0 fnt
|faint|p2a: Tyrantrum
|-damage|p1a: Kingler|67/324|[from] item: Life Orb
|
|win|pokemonkorea co kr
|n|☆pokemonkorea co kr|pokemonkoreacokr
|n|☆Flinchhaxisgreat~|flinchhaxisgreat
|n|*Lady Monita|ladymonita
|l|*Lady Monita
