{"id": "gen8randombattle-1873360082", "p1": "Amaranth", "p2": "MitchTEM", "format": "[Gen 8] Random Battle", "log": "|j|\u2606Amaranth\n|j|\u2606MitchTEM\n|t:|1685368150\n|gametype|singles\n|player|p1|Amaranth|#amaranth|\n|player|p2|MitchTEM|hop-masters|\n|teamsize|p1|6\n|teamsize|p2|6\n|gen|8\n|tier|[Gen 8] Random Battle\n|rule|Species Clause: Limit one of each Pok\u00e9mon\n|rule|HP Percentage Mod: HP is shown in percentages\n|rule|Sleep Clause Mod: Limit one foe put to sleep\n|\n|t:|1685368150\n|start\n|switch|p1a: Golisopod|Golisopod, L84, M|263/263\n|switch|p2a: Mew|Mew, L80|291/291\n|turn|1\n|inactive|Battle timer is ON: inactive players will automatically lose when time's up. (requested by MitchTEM)\n|inactive|Amaranth has 270 seconds left.\n|inactive|MitchTEM has 270 seconds left.\n|inactive|MitchTEM has 240 seconds left.\n|\n|t:|1685368232\n|switch|p2a: Aegislash|Aegislash, L80, M|227/227\n|move|p1a: Golisopod|Spikes|p2a: Aegislash\n|-sidestart|p2: MitchTEM|Spikes\n|\n|upkeep\n|turn|2\n|\n|t:|1685368242\n|-formechange|p2a: Aegislash|Aegislash-Blade||[from] ability: Stance Change\n|move|p2a: Aegislash|Shadow Ball|p1a: Golisopod\n|-damage|p1a: Golisopod|152/263\n|move|p1a: Golisopod|Knock Off|p2a: Aegislash\n|-supereffective|p2a: Aegislash\n|-damage|p2a: Aegislash|0 fnt\n|-enditem|p2a: Aegislash|Leftovers|[from] move: Knock Off|[of] p1a: Golisopod\n|faint|p2a: Aegislash\n|\n|upkeep\n|\n|t:|1685368251\n|switch|p2a: Pheromosa|Pheromosa, L75|230/230\n|-damage|p2a: Pheromosa|202/230|[from] Spikes\n|turn|3\n|\n|t:|1685368273\n|move|p2a: Pheromosa|Poison Jab|p1a: Golisopod\n|-damage|p1a: Golisopod|96/263\n|-status|p1a: Golisopod|psn\n|-activate|p1a: Golisopod|ability: Emergency Exit\n|-damage|p2a: Pheromosa|179/230|[from] item: Life Orb\n|inactive|Amaranth has 270 seconds left.\n|\n|t:|1685368297\n|switch|p1a: Spiritomb|Spiritomb, L88, M|231/231\n|\n|upkeep\n|turn|4\n|\n|t:|1685368308\n|switch|p2a: Tentacruel|Tentacruel, L84, F|272/272\n|-damage|p2a: Tentacruel|238/272|[from] Spikes\n|move|p1a: Spiritomb|Poltergeist|p2a: Tentacruel\n|-activate|p2a: Tentacruel|move: Poltergeist|Black Sludge\n|-damage|p2a: Tentacruel|4/272\n|\n|-heal|p2a: Tentacruel|21/272|[from] item: Black Sludge\n|upkeep\n|turn|5\n|\n|t:|1685368317\n|move|p2a: Tentacruel|Scald|p1a: Spiritomb\n|-damage|p1a: Spiritomb|171/231\n|move|p1a: Spiritomb|Poltergeist|p2a: Tentacruel\n|-activate|p2a: Tentacruel|move: Poltergeist|Black Sludge\n|-damage|p2a: Tentacruel|0 fnt\n|faint|p2a: Tentacruel\n|\n|upkeep\n|\n|t:|1685368325\n|switch|p2a: Mew|Mew, L80|291/291\n|-damage|p2a: Mew|255/291|[from] Spikes\n|turn|6\n|\n|t:|1685368337\n|switch|p2a: Tornadus|Tornadus-Therian, L78, M|251/251\n|move|p1a: Spiritomb|Poltergeist|p2a: Tornadus\n|-activate|p2a: Tornadus|move: Poltergeist|Assault Vest\n|-damage|p2a: Tornadus|37/251\n|\n|upkeep\n|turn|7\n|\n|t:|1685368348\n|move|p2a: Tornadus|Hurricane|p1a: Spiritomb\n|-damage|p1a: Spiritomb|83/231\n|-start|p1a: Spiritomb|confusion\n|-activate|p1a: Spiritomb|confusion\n|-damage|p1a: Spiritomb|59/231|[from] confusion\n|\n|upkeep\n|turn|8\n|\n|t:|1685368356\n|switch|p1a: Golisopod|Golisopod, L84, M|96/263 psn\n|move|p2a: Tornadus|Hurricane|p1a: Golisopod\n|-supereffective|p1a: Golisopod\n|-damage|p1a: Golisopod|0 fnt\n|faint|p1a: Golisopod\n|\n|upkeep\n|\n|t:|1685368363\n|switch|p1a: Spiritomb|Spiritomb, L88, M|59/231\n|turn|9\n|\n|t:|1685368367\n|move|p1a: Spiritomb|Shadow Sneak|p2a: Tornadus\n|-damage|p2a: Tornadus|0 fnt\n|faint|p2a: Tornadus\n|\n|upkeep\n|\n|t:|1685368372\n|switch|p2a: Pheromosa|Pheromosa, L75|179/230\n|-damage|p2a: Pheromosa|151/230|[from] Spikes\n|turn|10\n|\n|t:|1685368375\n|move|p1a: Spiritomb|Shadow Sneak|p2a: Pheromosa\n|-damage|p2a: Pheromosa|21/230\n|move|p2a: Pheromosa|Throat Chop|p1a: Spiritomb\n|-damage|p1a: Spiritomb|0 fnt\n|faint|p1a: Spiritomb\n|-ability|p2a: Pheromosa|Beast Boost|boost\n|-boost|p2a: Pheromosa|spe|1\n|-damage|p2a: Pheromosa|0 fnt|[from] item: Life Orb\n|faint|p2a: Pheromosa\n|\n|upkeep\n|\n|t:|1685368383\n|switch|p2a: Mew|Mew, L80|255/291\n|switch|p1a: Druddigon|Druddigon, L84, F|267/267\n|-damage|p2a: Mew|219/291|[from] Spikes\n|-ability|p1a: Druddigon|Mold Breaker\n|turn|11\n|\n|t:|1685368390\n|-start|p1a: Druddigon|Dynamax|\n|-heal|p1a: Druddigon|534/534|[silent]\n|move|p2a: Mew|Dragon Dance|p2a: Mew\n|-boost|p2a: Mew|atk|1\n|-boost|p2a: Mew|spe|1\n|move|p1a: Druddigon|Max Darkness|p2a: Mew\n|-supereffective|p2a: Mew\n|-damage|p2a: Mew|0 fnt\n|faint|p2a: Mew\n|-damage|p1a: Druddigon|508/534|[from] item: Life Orb\n|\n|upkeep\n|\n|t:|1685368393\n|switch|p2a: Jirachi|Jirachi, L79|288/288\n|-damage|p2a: Jirachi|252/288|[from] Spikes\n|turn|12\n|c|\u2606MitchTEM|gg\n|\n|t:|1685368398\n|-start|p2a: Jirachi|Dynamax|\n|-heal|p2a: Jirachi|504/576|[silent]\n|move|p2a: Jirachi|Max Steelspike|p1a: Druddigon\n|-damage|p1a: Druddigon|388/534\n|-boost|p2a: Jirachi|def|1\n|move|p1a: Druddigon|Max Darkness|p2a: Jirachi\n|-supereffective|p2a: Jirachi\n|-damage|p2a: Jirachi|348/576\n|-unboost|p2a: Jirachi|spd|1\n|-damage|p1a: Druddigon|362/534|[from] item: Life Orb\n|\n|-heal|p2a: Jirachi|366/576|[from] item: Leftovers\n|upkeep\n|turn|13\n|\n|t:|1685368408\n|move|p2a: Jirachi|Max Steelspike|p1a: Druddigon\n|-damage|p1a: Druddigon|239/534\n|-boost|p2a: Jirachi|def|1\n|move|p1a: Druddigon|Max Darkness|p2a: Jirachi\n|-supereffective|p2a: Jirachi\n|-damage|p2a: Jirachi|241/576\n|-unboost|p2a: Jirachi|spd|1\n|-damage|p1a: Druddigon|213/534|[from] item: Life Orb\n|\n|-heal|p2a: Jirachi|259/576|[from] item: Leftovers\n|upkeep\n|-end|p1a: Druddigon|Dynamax\n|-heal|p1a: Druddigon|107/267|[silent]\n|turn|14\n|\n|t:|1685368411\n|move|p1a: Druddigon|Sucker Punch|p2a: Jirachi\n|-supereffective|p2a: Jirachi\n|-damage|p2a: Jirachi|186/576\n|-damage|p1a: Druddigon|81/267|[from] item: Life Orb\n|move|p2a: Jirachi|Max Steelspike|p1a: Druddigon\n|-damage|p1a: Druddigon|0 fnt\n|-boost|p2a: Jirachi|def|1\n|faint|p1a: Druddigon\n|\n|-heal|p2a: Jirachi|204/576|[from] item: Leftovers\n|upkeep\n|\n|t:|1685368414\n|switch|p1a: Thundurus|Thundurus, L80, M|258/258\n|-end|p2a: Jirachi|Dynamax\n|-heal|p2a: Jirachi|102/288|[silent]\n|turn|15\n|\n|t:|1685368417\n|move|p1a: Thundurus|Thunderbolt|p2a: Jirachi\n|-damage|p2a: Jirachi|0 fnt\n|faint|p2a: Jirachi\n|\n|win|Amaranth\n|c|\u2606Amaranth|ggs\n", "inputlog": ">version 6fec31d5a0d4498a06105aa188c9906bc0b6bf95\n>start {\"formatid\":\"gen8randombattle\",\"seed\":[50446,26965,19345,14199]}\n>player p1 {\"name\":\"Amaranth\",\"avatar\":\"#amaranth\",\"rating\":0,\"seed\":[32642,8236,40920,12582]}\n>player p2 {\"name\":\"MitchTEM\",\"avatar\":\"hop-masters\",\"rating\":0,\"seed\":[27285,22829,6056,2740]}\n>p1 move spikes\n>p2 switch 3\n>p1 move knockoff\n>p2 move shadowball\n>p2 switch 5\n>p1 move leechlife\n>p2 move poisonjab\n>p1 switch 3\n>p1 move poltergeist\n>p2 switch 2\n>p1 move poltergeist\n>p2 move scald\n>p2 switch 3\n>p1 move poltergeist\n>p2 switch 6\n>p1 move poltergeist\n>p2 move hurricane\n>p1 switch 3\n>p2 move hurricane\n>p1 switch 3\n>p1 move shadowsneak\n>p2 move hurricane\n>p2 switch 2\n>p1 move shadowsneak\n>p2 move throatchop\n>p1 switch 2\n>p2 switch 6\n>p1 move suckerpunch dynamax\n>p2 move dragondance\n>p2 switch 4\n>chat \u2606MitchTEM|gg\n>p1 move suckerpunch dynamax\n>p2 move ironhead dynamax\n>p1 move suckerpunch dynamax\n>p2 move ironhead dynamax\n>p1 move suckerpunch\n>p2 move ironhead dynamax\n>p1 switch 6\n>p1 move thunderbolt\n>p2 move ironhead", "uploadtime": 1685368421, "views": 14, "p1id": "amaranth", "p2id": "mitchtem", "formatid": "gen8randombattle", "rating": 0, "private": 0, "password": ""}