{"id": "gen8randombattle-1873492582", "p1": "ThisCatzin", "p2": "MeninoNery", "format": "[Gen 8] Random Battle", "log": "|j|\u2606ThisCatzin\n|j|\u2606MeninoNery\n|t:|1685382856\n|gametype|singles\n|player|p1|ThisCatzin|169|\n|player|p2|MeninoNery|volkner|\n|teamsize|p1|6\n|teamsize|p2|6\n|gen|8\n|tier|[Gen 8] Random Battle\n|rule|Species Clause: Limit one of each Pok\u00e9mon\n|rule|HP Percentage Mod: HP is shown in percentages\n|rule|Sleep Clause Mod: Limit one foe put to sleep\n|\n|t:|1685382856\n|start\n|switch|p1a: Wobbuffet|Wobbuffet, L92, F|499/499\n|switch|p2a: Gigalith|Gigalith, L82, F|274/274\n|-weather|Sandstorm|[from] ability: Sand Stream|[of] p2a: Gigalith\n|turn|1\n|l|\u2606ThisCatzin\n|player|p1|\n|j|\u2606ThisCatzin\n|player|p1|ThisCatzin|169\n|\n|t:|1685382905\n|move|p1a: Wobbuffet|Encore||[still]\n|-fail|p1a: Wobbuffet\n|move|p2a: Gigalith|Stealth Rock|p1a: Wobbuffet\n|-sidestart|p1: ThisCatzin|move: Stealth Rock\n|\n|-weather|Sandstorm|[upkeep]\n|-damage|p1a: Wobbuffet|468/499|[from] Sandstorm\n|upkeep\n|turn|2\n|\n|t:|1685382919\n|move|p1a: Wobbuffet|Encore|p2a: Gigalith\n|-start|p2a: Gigalith|Encore\n|move|p2a: Gigalith|Stealth Rock||[still]\n|-fail|p2a: Gigalith\n|\n|-weather|Sandstorm|[upkeep]\n|-damage|p1a: Wobbuffet|437/499|[from] Sandstorm\n|upkeep\n|turn|3\n|\n|t:|1685382932\n|move|p1a: Wobbuffet|Charm|p2a: Gigalith\n|-unboost|p2a: Gigalith|atk|2\n|move|p2a: Gigalith|Stealth Rock||[still]\n|-fail|p2a: Gigalith\n|\n|-weather|Sandstorm|[upkeep]\n|-damage|p1a: Wobbuffet|406/499|[from] Sandstorm\n|upkeep\n|turn|4\n|\n|t:|1685382961\n|-start|p2a: Gigalith|Dynamax|\n|-heal|p2a: Gigalith|548/548|[silent]\n|move|p2a: Gigalith|Max Strike|p1a: Wobbuffet\n|-damage|p1a: Wobbuffet|323/499\n|-unboost|p1a: Wobbuffet|spe|1\n|move|p1a: Wobbuffet|Mirror Coat||[still]\n|-fail|p1a: Wobbuffet\n|\n|-weather|Sandstorm|[upkeep]\n|-damage|p1a: Wobbuffet|292/499|[from] Sandstorm\n|-end|p2a: Gigalith|Encore\n|upkeep\n|turn|5\n|\n|t:|1685382975\n|move|p2a: Gigalith|Max Rockfall|p1a: Wobbuffet\n|-damage|p1a: Wobbuffet|184/499\n|-enditem|p1a: Wobbuffet|Sitrus Berry|[eat]\n|-heal|p1a: Wobbuffet|308/499|[from] item: Sitrus Berry\n|move|p1a: Wobbuffet|Counter|p2a: Gigalith\n|-damage|p2a: Gigalith|332/548\n|\n|-weather|none\n|-heal|p2a: Gigalith|349/548|[from] item: Leftovers\n|upkeep\n|turn|6\n|\n|t:|1685382989\n|move|p2a: Gigalith|Max Strike|p1a: Wobbuffet\n|-damage|p1a: Wobbuffet|224/499\n|-unboost|p1a: Wobbuffet|spe|1\n|move|p1a: Wobbuffet|Counter|p2a: Gigalith\n|-damage|p2a: Gigalith|181/548\n|\n|-heal|p2a: Gigalith|198/548|[from] item: Leftovers\n|upkeep\n|-end|p2a: Gigalith|Dynamax\n|-heal|p2a: Gigalith|99/274|[silent]\n|turn|7\n|\n|t:|1685383008\n|move|p2a: Gigalith|Explosion|p1a: Wobbuffet\n|-damage|p1a: Wobbuffet|91/499\n|faint|p2a: Gigalith\n|move|p1a: Wobbuffet|Counter|p2: Gigalith|[notarget]\n|-fail|p1a: Wobbuffet\n|\n|upkeep\n|\n|t:|1685383019\n|switch|p2a: Absol|Absol, L84, F|246/246\n|turn|8\n|\n|t:|1685383032\n|move|p2a: Absol|Swords Dance|p2a: Absol\n|-boost|p2a: Absol|atk|2\n|move|p1a: Wobbuffet|Charm|p2a: Absol\n|-unboost|p2a: Absol|atk|2\n|\n|upkeep\n|turn|9\n|\n|t:|1685383043\n|move|p2a: Absol|Swords Dance|p2a: Absol\n|-boost|p2a: Absol|atk|2\n|move|p1a: Wobbuffet|Encore|p2a: Absol\n|-start|p2a: Absol|Encore\n|\n|upkeep\n|turn|10\n|\n|t:|1685383061\n|switch|p1a: Druddigon|Druddigon, L84, F|267/267\n|-damage|p1a: Druddigon|234/267|[from] Stealth Rock\n|-ability|p1a: Druddigon|Mold Breaker\n|move|p2a: Absol|Swords Dance|p2a: Absol\n|-boost|p2a: Absol|atk|2\n|\n|upkeep\n|turn|11\n|\n|t:|1685383076\n|move|p2a: Absol|Swords Dance|p2a: Absol\n|-boost|p2a: Absol|atk|2\n|move|p1a: Druddigon|Superpower|p2a: Absol\n|-supereffective|p2a: Absol\n|-damage|p2a: Absol|0 fnt\n|-unboost|p1a: Druddigon|atk|1\n|-unboost|p1a: Druddigon|def|1\n|faint|p2a: Absol\n|-damage|p1a: Druddigon|208/267|[from] item: Life Orb\n|\n|upkeep\n|\n|t:|1685383088\n|switch|p2a: Comfey|Comfey, L86, M|228/228\n|turn|12\n|\n|t:|1685383097\n|switch|p1a: Wobbuffet|Wobbuffet, L92, F|91/499\n|-damage|p1a: Wobbuffet|29/499|[from] Stealth Rock\n|move|p2a: Comfey|Draining Kiss|p1a: Wobbuffet\n|-crit|p1a: Wobbuffet\n|-damage|p1a: Wobbuffet|0 fnt\n|faint|p1a: Wobbuffet\n|\n|upkeep\n|\n|t:|1685383121\n|switch|p1a: Frosmoth|Frosmoth, L82, M|249/249\n|turn|13\n|\n|t:|1685383131\n|move|p2a: Comfey|Draining Kiss|p1a: Frosmoth\n|-damage|p1a: Frosmoth|215/249\n|move|p1a: Frosmoth|Quiver Dance|p1a: Frosmoth\n|-boost|p1a: Frosmoth|spa|1\n|-boost|p1a: Frosmoth|spd|1\n|-boost|p1a: Frosmoth|spe|1\n|\n|upkeep\n|turn|14\n|\n|t:|1685383141\n|move|p2a: Comfey|Draining Kiss|p1a: Frosmoth\n|-damage|p1a: Frosmoth|188/249\n|move|p1a: Frosmoth|Bug Buzz|p2a: Comfey\n|-resisted|p2a: Comfey\n|-damage|p2a: Comfey|157/228\n|\n|upkeep\n|turn|15\n|\n|t:|1685383152\n|move|p2a: Comfey|Draining Kiss|p1a: Frosmoth\n|-damage|p1a: Frosmoth|162/249\n|-heal|p2a: Comfey|177/228|[from] drain|[of] p1a: Frosmoth\n|move|p1a: Frosmoth|Quiver Dance|p1a: Frosmoth\n|-boost|p1a: Frosmoth|spa|1\n|-boost|p1a: Frosmoth|spd|1\n|-boost|p1a: Frosmoth|spe|1\n|\n|upkeep\n|turn|16\n|\n|t:|1685383167\n|move|p2a: Comfey|Draining Kiss|p1a: Frosmoth\n|-damage|p1a: Frosmoth|144/249\n|-heal|p2a: Comfey|191/228|[from] drain|[of] p1a: Frosmoth\n|move|p1a: Frosmoth|Ice Beam|p2a: Comfey\n|-damage|p2a: Comfey|0 fnt\n|faint|p2a: Comfey\n|\n|upkeep\n|\n|t:|1685383191\n|switch|p2a: Unfezant|Unfezant, L84, M|271/271\n|turn|17\n|\n|t:|1685383198\n|move|p1a: Frosmoth|Ice Beam|p2a: Unfezant\n|-supereffective|p2a: Unfezant\n|-damage|p2a: Unfezant|0 fnt\n|faint|p2a: Unfezant\n|\n|upkeep\n|\n|t:|1685383203\n|switch|p2a: Ferrothorn|Ferrothorn, L78, M|244/244\n|turn|18\n|\n|t:|1685383212\n|move|p1a: Frosmoth|Ice Beam|p2a: Ferrothorn\n|-damage|p2a: Ferrothorn|64/244\n|move|p2a: Ferrothorn|Power Whip|p1a: Frosmoth\n|-resisted|p1a: Frosmoth\n|-damage|p1a: Frosmoth|69/249\n|\n|-heal|p2a: Ferrothorn|79/244|[from] item: Leftovers\n|upkeep\n|turn|19\n|\n|t:|1685383223\n|move|p1a: Frosmoth|Ice Beam|p2a: Ferrothorn\n|-damage|p2a: Ferrothorn|0 fnt\n|faint|p2a: Ferrothorn\n|\n|upkeep\n|\n|t:|1685383230\n|switch|p2a: Espeon|Espeon, L82, F|241/241\n|turn|20\n|\n|t:|1685383241\n|move|p1a: Frosmoth|Bug Buzz|p2a: Espeon\n|-supereffective|p2a: Espeon\n|-damage|p2a: Espeon|0 fnt\n|faint|p2a: Espeon\n|\n|win|ThisCatzin\n|l|\u2606MeninoNery\n", "inputlog": ">version 6fec31d5a0d4498a06105aa188c9906bc0b6bf95\n>start {\"formatid\":\"gen8randombattle\",\"seed\":[1153,46137,27400,6925]}\n>player p1 {\"name\":\"ThisCatzin\",\"avatar\":\"169\",\"rating\":0,\"seed\":[24562,26302,46839,30949]}\n>player p2 {\"name\":\"MeninoNery\",\"avatar\":\"volkner\",\"rating\":0,\"seed\":[27550,4728,43175,61397]}\n>p1 move encore\n>p2 move stealthrock\n>p1 move encore\n>p2 move stoneedge\n>p1 move charm\n>p2 move stealthrock\n>p1 move mirrorcoat\n>p2 move explosion dynamax\n>p1 move counter\n>p2 move stoneedge dynamax\n>p1 move counter\n>p2 move explosion dynamax\n>p1 move counter\n>p2 move explosion\n>p2 switch 2\n>p1 move charm\n>p2 move swordsdance\n>p1 move encore\n>p2 move swordsdance\n>p1 switch 6\n>p2 move swordsdance\n>p1 move superpower\n>p2 move swordsdance\n>p2 switch 6\n>p1 switch 6\n>p2 move drainingkiss\n>p1 switch 4\n>p1 move quiverdance\n>p2 move drainingkiss\n>p1 move bugbuzz\n>p2 move drainingkiss\n>p1 move quiverdance\n>p2 move drainingkiss\n>p1 move icebeam\n>p2 move drainingkiss\n>p2 switch 4\n>p1 move icebeam\n>p2 move uturn\n>p2 switch 5\n>p1 move icebeam\n>p2 move powerwhip\n>p1 move icebeam\n>p2 move knockoff\n>p2 switch 3\n>p1 move bugbuzz\n>p2 move calmmind", "uploadtime": 1685383249, "views": 8, "p1id": "thiscatzin", "p2id": "meninonery", "formatid": "gen8randombattle", "rating": 0, "private": 0, "password": ""}