{"id": "gen8randombattle-1621607034", "p1": "ToxicYourMom", "p2": "BoRida", "format": "[Gen 8] Random Battle", "log": "|j|\u203dToxicYourMom\n|j|\u2606BoRida\n|t:|1658348882\n|gametype|singles\n|player|p1|ToxicYourMom|169|2502\n|player|p2|BoRida|#teamgapdos|2499\n|teamsize|p1|6\n|teamsize|p2|6\n|gen|8\n|tier|[Gen 8] Random Battle\n|rated|\n|rule|Species Clause: Limit one of each Pok\u00e9mon\n|rule|HP Percentage Mod: HP is shown in percentages\n|rule|Sleep Clause Mod: Limit one foe put to sleep\n|\n|t:|1658348882\n|start\n|switch|p1a: Lapras|Lapras, L86, F|363/363\n|switch|p2a: Alakazam|Alakazam, L78, F|214/214\n|turn|1\n|inactive|Battle timer is ON: inactive players will automatically lose when time's up. (requested by BoRida)\n|\n|t:|1658348896\n|move|p2a: Alakazam|Nasty Plot|p2a: Alakazam\n|-boost|p2a: Alakazam|spa|2\n|move|p1a: Lapras|Sparkling Aria|p2a: Alakazam\n|-damage|p2a: Alakazam|118/214\n|\n|upkeep\n|turn|2\n|\n|t:|1658348904\n|switch|p1a: Mimikyu|Mimikyu, L76, F|209/209\n|move|p2a: Alakazam|Focus Blast|p1a: Mimikyu\n|-immune|p1a: Mimikyu\n|\n|upkeep\n|turn|3\n|\n|t:|1658348913\n|switch|p2a: Groudon|Groudon, L73|266/266\n|-weather|SunnyDay|[from] ability: Drought|[of] p2a: Groudon\n|move|p1a: Mimikyu|Shadow Sneak|p2a: Groudon\n|-damage|p2a: Groudon|231/266\n|-damage|p1a: Mimikyu|189/209|[from] item: Life Orb\n|\n|-weather|SunnyDay|[upkeep]\n|-heal|p2a: Groudon|247/266|[from] item: Leftovers\n|upkeep\n|turn|4\n|j| KingZuko\n|\n|t:|1658348933\n|switch|p1a: Lapras|Lapras, L86, F|363/363\n|move|p2a: Groudon|Thunder Wave|p1a: Lapras|[miss]\n|-miss|p2a: Groudon|p1a: Lapras\n|\n|-weather|SunnyDay|[upkeep]\n|-heal|p2a: Groudon|263/266|[from] item: Leftovers\n|upkeep\n|turn|5\n|\n|t:|1658348940\n|switch|p2a: Umbreon|Umbreon, L82, F|290/290\n|move|p1a: Lapras|Toxic|p2a: Umbreon\n|-status|p2a: Umbreon|tox\n|-activate|p2a: Umbreon|ability: Synchronize\n|-status|p1a: Lapras|tox\n|\n|-weather|SunnyDay|[upkeep]\n|-damage|p2a: Umbreon|272/290 tox|[from] psn\n|-damage|p1a: Lapras|341/363 tox|[from] psn\n|upkeep\n|turn|6\n|\n|t:|1658348951\n|switch|p2a: Venusaur|Venusaur, L82, F|265/265\n|switch|p1a: Stunfisk|Stunfisk-Galar, L84, M|320/320\n|\n|-weather|SunnyDay|[upkeep]\n|upkeep\n|turn|7\n|\n|t:|1658348961\n|switch|p2a: Groudon|Groudon, L73|263/266\n|move|p1a: Stunfisk|Stealth Rock|p2a: Groudon\n|-sidestart|p2: BoRida|move: Stealth Rock\n|\n|-weather|none\n|-heal|p2a: Groudon|266/266|[from] item: Leftovers\n|upkeep\n|turn|8\n|\n|t:|1658348985\n|switch|p1a: Celesteela|Celesteela, L77|276/276\n|move|p2a: Groudon|Precipice Blades|p1a: Celesteela\n|-immune|p1a: Celesteela\n|\n|upkeep\n|turn|9\n|\n|t:|1658348993\n|switch|p1a: Lapras|Lapras, L86, F|341/363 tox\n|move|p2a: Groudon|Thunder Wave||[still]\n|-fail|p2a: Groudon\n|\n|-heal|p1a: Lapras|363/363 tox|[from] item: Leftovers\n|-damage|p1a: Lapras|341/363 tox|[from] psn\n|upkeep\n|turn|10\n|\n|t:|1658348999\n|switch|p2a: Umbreon|Umbreon, L82, F|272/290 tox\n|-damage|p2a: Umbreon|236/290 tox|[from] Stealth Rock\n|move|p1a: Lapras|Freeze-Dry|p2a: Umbreon\n|-damage|p2a: Umbreon|182/290 tox\n|\n|-heal|p2a: Umbreon|200/290 tox|[from] item: Leftovers\n|-heal|p1a: Lapras|363/363 tox|[from] item: Leftovers\n|-damage|p2a: Umbreon|182/290 tox|[from] psn\n|-damage|p1a: Lapras|319/363 tox|[from] psn\n|upkeep\n|turn|11\n|\n|t:|1658349003\n|switch|p1a: Obstagoon|Obstagoon, L80, M|280/280\n|move|p2a: Umbreon|Wish|p2a: Umbreon\n|\n|-heal|p2a: Umbreon|200/290 tox|[from] item: Leftovers\n|-damage|p2a: Umbreon|164/290 tox|[from] psn\n|-status|p1a: Obstagoon|brn|[from] item: Flame Orb\n|upkeep\n|turn|12\n|\n|t:|1658349023\n|switch|p2a: Groudon|Groudon, L73|266/266\n|-damage|p2a: Groudon|250/266|[from] Stealth Rock\n|-weather|SunnyDay|[from] ability: Drought|[of] p2a: Groudon\n|move|p1a: Obstagoon|Knock Off|p2a: Groudon\n|-damage|p2a: Groudon|139/266\n|-enditem|p2a: Groudon|Leftovers|[from] move: Knock Off|[of] p1a: Obstagoon\n|\n|-weather|SunnyDay|[upkeep]\n|-heal|p2a: Groudon|266/266|[from] move: Wish|[wisher] Umbreon\n|-damage|p1a: Obstagoon|263/280 brn|[from] brn\n|upkeep\n|turn|13\n|\n|t:|1658349043\n|move|p1a: Obstagoon|Facade|p2a: Groudon\n|-damage|p2a: Groudon|118/266\n|move|p2a: Groudon|Precipice Blades|p1a: Obstagoon\n|-damage|p1a: Obstagoon|125/280 brn\n|\n|-weather|SunnyDay|[upkeep]\n|-damage|p1a: Obstagoon|108/280 brn|[from] brn\n|upkeep\n|turn|14\n|\n|t:|1658349052\n|switch|p2a: Dusknoir|Dusknoir, L86, F|218/218\n|-damage|p2a: Dusknoir|191/218|[from] Stealth Rock\n|-ability|p2a: Dusknoir|Pressure\n|move|p1a: Obstagoon|Facade|p2a: Dusknoir\n|-immune|p2a: Dusknoir\n|\n|-weather|SunnyDay|[upkeep]\n|-heal|p2a: Dusknoir|204/218|[from] item: Leftovers\n|-damage|p1a: Obstagoon|91/280 brn|[from] brn\n|upkeep\n|turn|15\n|\n|t:|1658349060\n|switch|p2a: Umbreon|Umbreon, L82, F|164/290 tox\n|-damage|p2a: Umbreon|128/290 tox|[from] Stealth Rock\n|move|p1a: Obstagoon|Knock Off|p2a: Umbreon\n|-resisted|p2a: Umbreon\n|-damage|p2a: Umbreon|69/290 tox\n|-enditem|p2a: Umbreon|Leftovers|[from] move: Knock Off|[of] p1a: Obstagoon\n|\n|-weather|SunnyDay|[upkeep]\n|-damage|p2a: Umbreon|51/290 tox|[from] psn\n|-damage|p1a: Obstagoon|74/280 brn|[from] brn\n|upkeep\n|turn|16\n|\n|t:|1658349071\n|move|p2a: Umbreon|Protect|p2a: Umbreon\n|-singleturn|p2a: Umbreon|Protect\n|move|p1a: Obstagoon|Facade|p2a: Umbreon\n|-activate|p2a: Umbreon|move: Protect\n|\n|-weather|none\n|-damage|p2a: Umbreon|15/290 tox|[from] psn\n|-damage|p1a: Obstagoon|57/280 brn|[from] brn\n|upkeep\n|turn|17\n|\n|t:|1658349078\n|move|p1a: Obstagoon|Knock Off|p2a: Umbreon\n|-resisted|p2a: Umbreon\n|-damage|p2a: Umbreon|0 fnt\n|faint|p2a: Umbreon\n|\n|-damage|p1a: Obstagoon|40/280 brn|[from] brn\n|upkeep\n|\n|t:|1658349082\n|switch|p2a: Alakazam|Alakazam, L78, F|118/214\n|turn|18\n|\n|t:|1658349105\n|switch|p1a: Mimikyu|Mimikyu, L76, F|189/209\n|move|p2a: Alakazam|Shadow Ball|p1a: Mimikyu\n|-activate|p1a: Mimikyu|ability: Disguise\n|-damage|p1a: Mimikyu|189/209\n|detailschange|p1a: Mimikyu|Mimikyu-Busted, L76, F\n|-damage|p1a: Mimikyu|163/209|[from] pokemon: Mimikyu-Busted\n|\n|upkeep\n|turn|19\n|\n|t:|1658349119\n|switch|p2a: Venusaur|Venusaur, L82, F|265/265\n|-damage|p2a: Venusaur|232/265|[from] Stealth Rock\n|switch|p1a: Celesteela|Celesteela, L77|276/276\n|\n|-heal|p2a: Venusaur|248/265|[from] item: Black Sludge\n|upkeep\n|turn|20\n|\n|t:|1658349125\n|switch|p1a: Stunfisk|Stunfisk-Galar, L84, M|320/320\n|move|p2a: Venusaur|Leech Seed|p1a: Stunfisk\n|-start|p1a: Stunfisk|move: Leech Seed\n|\n|-heal|p2a: Venusaur|264/265|[from] item: Black Sludge\n|-damage|p1a: Stunfisk|280/320|[from] Leech Seed|[of] p2a: Venusaur\n|-heal|p2a: Venusaur|265/265|[silent]\n|upkeep\n|turn|21\n|\n|t:|1658349133\n|switch|p1a: Kommo-o|Kommo-o, L80, M|251/251\n|move|p2a: Venusaur|Substitute|p2a: Venusaur\n|-start|p2a: Venusaur|Substitute\n|-damage|p2a: Venusaur|199/265\n|\n|-heal|p2a: Venusaur|215/265|[from] item: Black Sludge\n|upkeep\n|turn|22\n|\n|t:|1658349139\n|move|p1a: Kommo-o|Clangorous Soul|p1a: Kommo-o\n|-boost|p1a: Kommo-o|atk|1\n|-boost|p1a: Kommo-o|def|1\n|-boost|p1a: Kommo-o|spa|1\n|-boost|p1a: Kommo-o|spd|1\n|-boost|p1a: Kommo-o|spe|1\n|-damage|p1a: Kommo-o|169/251\n|-enditem|p1a: Kommo-o|Throat Spray\n|-boost|p1a: Kommo-o|spa|1|[from] item: Throat Spray\n|move|p2a: Venusaur|Leech Seed|p1a: Kommo-o\n|-start|p1a: Kommo-o|move: Leech Seed\n|\n|-heal|p2a: Venusaur|231/265|[from] item: Black Sludge\n|-damage|p1a: Kommo-o|138/251|[from] Leech Seed|[of] p2a: Venusaur\n|-heal|p2a: Venusaur|262/265|[silent]\n|upkeep\n|turn|23\n|\n|t:|1658349164\n|switch|p2a: Groudon|Groudon, L73|118/266\n|-damage|p2a: Groudon|102/266|[from] Stealth Rock\n|-weather|SunnyDay|[from] ability: Drought|[of] p2a: Groudon\n|move|p1a: Kommo-o|Clanging Scales|p2a: Groudon\n|-damage|p2a: Groudon|0 fnt\n|faint|p2a: Groudon\n|-unboost|p1a: Kommo-o|def|1\n|\n|-weather|SunnyDay|[upkeep]\n|upkeep\n|\n|t:|1658349167\n|switch|p2a: Toxtricity|Toxtricity, L82, F|257/257\n|-damage|p2a: Toxtricity|225/257|[from] Stealth Rock\n|turn|24\n|j| dorapult\n|\n|t:|1658349174\n|-start|p1a: Kommo-o|Dynamax|\n|-heal|p1a: Kommo-o|276/502|[silent]\n|move|p1a: Kommo-o|Max Wyrmwind|p2a: Toxtricity\n|-damage|p2a: Toxtricity|0 fnt\n|faint|p2a: Toxtricity\n|\n|-weather|SunnyDay|[upkeep]\n|upkeep\n|\n|t:|1658349183\n|switch|p2a: Dusknoir|Dusknoir, L86, F|204/218\n|-damage|p2a: Dusknoir|177/218|[from] Stealth Rock\n|-ability|p2a: Dusknoir|Pressure\n|turn|25\n|\n|t:|1658349186\n|-start|p2a: Dusknoir|Dynamax|\n|-heal|p2a: Dusknoir|354/436|[silent]\n|move|p2a: Dusknoir|Max Guard|p2a: Dusknoir\n|-singleturn|p2a: Dusknoir|Max Guard\n|move|p1a: Kommo-o|Max Wyrmwind|p2a: Dusknoir\n|-activate|p2a: Dusknoir|move: Max Guard\n|\n|-weather|SunnyDay|[upkeep]\n|-heal|p2a: Dusknoir|367/436|[from] item: Leftovers\n|-damage|p1a: Kommo-o|245/502|[from] Leech Seed|[of] p2a: Dusknoir\n|-heal|p2a: Dusknoir|398/436|[silent]\n|upkeep\n|turn|26\n|\n|t:|1658349191\n|move|p1a: Kommo-o|Max Wyrmwind|p2a: Dusknoir\n|-damage|p2a: Dusknoir|194/436\n|-unboost|p2a: Dusknoir|atk|1\n|move|p2a: Dusknoir|Max Hailstorm|p1a: Kommo-o\n|-supereffective|p1a: Kommo-o\n|-damage|p1a: Kommo-o|145/502\n|-weather|Hail\n|\n|-weather|Hail|[upkeep]\n|-damage|p1a: Kommo-o|130/502|[from] Hail\n|-damage|p2a: Dusknoir|181/436|[from] Hail\n|-heal|p2a: Dusknoir|194/436|[from] item: Leftovers\n|-damage|p1a: Kommo-o|99/502|[from] Leech Seed|[of] p2a: Dusknoir\n|-heal|p2a: Dusknoir|225/436|[silent]\n|upkeep\n|-end|p1a: Kommo-o|Dynamax\n|-heal|p1a: Kommo-o|50/251|[silent]\n|turn|27\n|inactive|ToxicYourMom has 120 seconds left.\n|\n|t:|1658349221\n|move|p1a: Kommo-o|Clanging Scales|p2a: Dusknoir\n|-damage|p2a: Dusknoir|74/436\n|-unboost|p1a: Kommo-o|def|1\n|move|p2a: Dusknoir|Max Hailstorm|p1a: Kommo-o\n|-supereffective|p1a: Kommo-o\n|-damage|p1a: Kommo-o|0 fnt\n|faint|p1a: Kommo-o\n|\n|-weather|Hail|[upkeep]\n|-damage|p2a: Dusknoir|61/436|[from] Hail\n|-heal|p2a: Dusknoir|74/436|[from] item: Leftovers\n|upkeep\n|inactive|ToxicYourMom has 120 seconds left.\n|\n|t:|1658349234\n|switch|p1a: Celesteela|Celesteela, L77|276/276\n|-end|p2a: Dusknoir|Dynamax\n|-heal|p2a: Dusknoir|37/218|[silent]\n|turn|28\n|\n|t:|1658349245\n|switch|p2a: Venusaur|Venusaur, L82, F|262/265\n|-damage|p2a: Venusaur|229/265|[from] Stealth Rock\n|move|p1a: Celesteela|Flash Cannon|p2a: Venusaur\n|-damage|p2a: Venusaur|160/265\n|\n|-weather|Hail|[upkeep]\n|-damage|p2a: Venusaur|144/265|[from] Hail\n|-damage|p1a: Celesteela|259/276|[from] Hail\n|-heal|p2a: Venusaur|160/265|[from] item: Black Sludge\n|-heal|p1a: Celesteela|276/276|[from] item: Leftovers\n|upkeep\n|turn|29\n|\n|t:|1658349249\n|move|p2a: Venusaur|Leech Seed|p1a: Celesteela\n|-start|p1a: Celesteela|move: Leech Seed\n|move|p1a: Celesteela|Air Slash|p2a: Venusaur\n|-supereffective|p2a: Venusaur\n|-damage|p2a: Venusaur|26/265\n|\n|-weather|Hail|[upkeep]\n|-damage|p2a: Venusaur|10/265|[from] Hail\n|-damage|p1a: Celesteela|259/276|[from] Hail\n|-heal|p2a: Venusaur|26/265|[from] item: Black Sludge\n|-heal|p1a: Celesteela|276/276|[from] item: Leftovers\n|-damage|p1a: Celesteela|242/276|[from] Leech Seed|[of] p2a: Venusaur\n|-heal|p2a: Venusaur|60/265|[silent]\n|upkeep\n|turn|30\n|\n|t:|1658349261\n|move|p2a: Venusaur|Giga Drain|p1a: Celesteela\n|-resisted|p1a: Celesteela\n|-damage|p1a: Celesteela|213/276\n|-heal|p2a: Venusaur|75/265|[from] drain|[of] p1a: Celesteela\n|move|p1a: Celesteela|Flash Cannon|p2a: Venusaur\n|-damage|p2a: Venusaur|3/265\n|\n|-weather|none\n|-heal|p2a: Venusaur|19/265|[from] item: Black Sludge\n|-heal|p1a: Celesteela|230/276|[from] item: Leftovers\n|-damage|p1a: Celesteela|196/276|[from] Leech Seed|[of] p2a: Venusaur\n|-heal|p2a: Venusaur|53/265|[silent]\n|upkeep\n|turn|31\n|j| Nadim-yt\n|\n|t:|1658349278\n|move|p2a: Venusaur|Giga Drain|p1a: Celesteela\n|-resisted|p1a: Celesteela\n|-damage|p1a: Celesteela|169/276\n|-heal|p2a: Venusaur|67/265|[from] drain|[of] p1a: Celesteela\n|move|p1a: Celesteela|Air Slash|p2a: Venusaur\n|-supereffective|p2a: Venusaur\n|-damage|p2a: Venusaur|0 fnt\n|faint|p2a: Venusaur\n|-ability|p1a: Celesteela|Beast Boost|boost\n|-boost|p1a: Celesteela|spa|1\n|\n|-heal|p1a: Celesteela|186/276|[from] item: Leftovers\n|upkeep\n|\n|t:|1658349280\n|switch|p2a: Alakazam|Alakazam, L78, F|118/214\n|turn|32\n|\n|t:|1658349284\n|move|p2a: Alakazam|Nasty Plot|p2a: Alakazam\n|-boost|p2a: Alakazam|spa|2\n|move|p1a: Celesteela|Flash Cannon|p2a: Alakazam\n|-damage|p2a: Alakazam|0 fnt\n|faint|p2a: Alakazam\n|-ability|p1a: Celesteela|Beast Boost|boost\n|-boost|p1a: Celesteela|spa|1\n|\n|-heal|p1a: Celesteela|203/276|[from] item: Leftovers\n|upkeep\n|c|\u2606BoRida|gg\n|-message|BoRida forfeited.\n|\n|win|ToxicYourMom\n|raw|ToxicYourMom's rating: 2502 &rarr; <strong>2522</strong><br />(+20 for winning)\n|raw|BoRida's rating: 2499 &rarr; <strong>2479</strong><br />(-20 for losing)\n|l|\u2606BoRida\n", "inputlog": ">version 33a722e82dfdefe5f98cdcaab412ac0b95804dea\n>start {\"formatid\":\"gen8randombattle\",\"seed\":[16118,20776,52025,47606],\"rated\":\"Rated battle\"}\n>player p1 {\"name\":\"ToxicYourMom\",\"avatar\":\"169\",\"rating\":2502,\"seed\":[2084,35583,6530,20826]}\n>player p2 {\"name\":\"BoRida\",\"avatar\":\"#teamgapdos\",\"rating\":2499,\"seed\":[51291,4677,13187,5566]}\n>p1 move sparklingaria\n>p2 move nastyplot\n>p1 switch 5\n>p2 move focusblast\n>p1 move shadowsneak\n>p2 switch 6\n>p1 switch 5\n>p2 move thunderwave\n>p1 move toxic\n>p2 switch 5\n>p1 switch 2\n>p2 switch 2\n>p1 move stealthrock\n>p2 switch 5\n>p1 switch 3\n>p2 move precipiceblades\n>p1 switch 2\n>p2 move thunderwave\n>p1 move freezedry\n>p2 switch 2\n>p1 switch 6\n>p2 move wish\n>p1 move knockoff\n>p2 switch 2\n>p1 move facade\n>p2 move precipiceblades\n>p1 move facade\n>p2 switch 3\n>p1 move knockoff\n>p2 switch 2\n>p1 move facade\n>p2 move protect\n>p1 move knockoff\n>p2 move foulplay\n>p2 switch 6\n>p1 switch 5\n>p2 move shadowball\n>p1 switch 2\n>p2 switch 5\n>p1 switch 3\n>p2 move leechseed\n>p1 switch 4\n>p2 move substitute\n>p1 move clangoroussoul\n>p2 move leechseed\n>p1 move clangingscales\n>p2 switch 3\n>p2 switch 4\n>p1 move clangingscales dynamax\n>p2 move shiftgear\n>p2 switch 2\n>p1 move clangingscales dynamax\n>p2 move painsplit dynamax\n>p1 move clangingscales dynamax\n>p2 move icepunch dynamax\n>p1 move clangingscales\n>p2 move icepunch dynamax\n>p1 switch 3\n>p1 move flashcannon\n>p2 switch 3\n>p1 move airslash\n>p2 move leechseed\n>p1 move flashcannon\n>p2 move gigadrain\n>p1 move airslash\n>p2 move gigadrain\n>p2 switch 5\n>p1 move flashcannon\n>p2 move nastyplot\n>chat \u2606BoRida|gg\n>forcelose p2", "uploadtime": 1658349302, "views": 136, "p1id": "toxicyourmom", "p2id": "borida", "formatid": "gen8randombattle", "rating": 2479, "private": 0, "password": null}