{"id": "gen8randombattle-1871661033", "p1": "Prajintheking", "p2": "ABHI625", "format": "[Gen 8] Random Battle", "log": "|j|\u2606Prajintheking\n|j|\u2606ABHI625\n|t:|1685117224\n|gametype|singles\n|player|p1|Prajintheking|nate|\n|player|p2|ABHI625|wallace|\n|teamsize|p1|6\n|teamsize|p2|6\n|gen|8\n|tier|[Gen 8] Random Battle\n|rule|Species Clause: Limit one of each Pok\u00e9mon\n|rule|HP Percentage Mod: HP is shown in percentages\n|rule|Sleep Clause Mod: Limit one foe put to sleep\n|\n|t:|1685117224\n|start\n|switch|p1a: Froslass|Froslass, L84, F|255/255\n|switch|p2a: Silvally|Silvally-Electric, L84|297/297\n|turn|1\n|inactive|Battle timer is ON: inactive players will automatically lose when time's up. (requested by Prajintheking)\n|inactive|ABHI625 also wants the timer to be on.\n|\n|t:|1685117242\n|move|p1a: Froslass|Triple Axel|p2a: Silvally\n|-damage|p2a: Silvally|278/297\n|-damage|p2a: Silvally|241/297\n|-damage|p2a: Silvally|186/297\n|-hitcount|p2a: Silvally|3\n|move|p2a: Silvally|Parting Shot|p1a: Froslass\n|-unboost|p1a: Froslass|atk|1\n|-unboost|p1a: Froslass|spa|1\n|\n|t:|1685117249\n|switch|p2a: Charizard|Charizard, L82, M|262/262|[from] Parting Shot\n|\n|upkeep\n|turn|2\n|\n|t:|1685117259\n|move|p1a: Froslass|Poltergeist|p2a: Charizard\n|-activate|p2a: Charizard|move: Poltergeist|Heavy-Duty Boots\n|-damage|p2a: Charizard|189/262\n|move|p2a: Charizard|Fire Blast|p1a: Froslass\n|-supereffective|p1a: Froslass\n|-damage|p1a: Froslass|0 fnt\n|faint|p1a: Froslass\n|\n|upkeep\n|\n|t:|1685117265\n|switch|p1a: Morpeko|Morpeko, L86, M|240/240\n|turn|3\n|\n|t:|1685117290\n|switch|p2a: Vileplume|Vileplume, L84, M|263/263\n|move|p1a: Morpeko|Aura Wheel|p2a: Vileplume\n|-resisted|p2a: Vileplume\n|-damage|p2a: Vileplume|203/263\n|-boost|p1a: Morpeko|spe|1\n|\n|-heal|p2a: Vileplume|219/263|[from] item: Black Sludge\n|-formechange|p1a: Morpeko|Morpeko-Hangry||[from] ability: Hunger Switch\n|upkeep\n|turn|4\n|\n|t:|1685117296\n|move|p1a: Morpeko|Psychic Fangs|p2a: Vileplume\n|-supereffective|p2a: Vileplume\n|-damage|p2a: Vileplume|93/263\n|move|p2a: Vileplume|Sleep Powder|p1a: Morpeko|[miss]\n|-miss|p2a: Vileplume|p1a: Morpeko\n|\n|-heal|p2a: Vileplume|109/263|[from] item: Black Sludge\n|-formechange|p1a: Morpeko|Morpeko||[from] ability: Hunger Switch\n|upkeep\n|turn|5\n|\n|t:|1685117304\n|switch|p2a: Spiritomb|Spiritomb, L88, M|231/231\n|move|p1a: Morpeko|Psychic Fangs|p2a: Spiritomb\n|-immune|p2a: Spiritomb\n|\n|-formechange|p1a: Morpeko|Morpeko-Hangry||[from] ability: Hunger Switch\n|upkeep\n|turn|6\n|\n|t:|1685117316\n|switch|p1a: Audino|Audino, L91, M|335/335\n|move|p2a: Spiritomb|Trick|p1a: Audino\n|-activate|p2a: Spiritomb|move: Trick|[of] p1a: Audino\n|-item|p1a: Audino|Choice Band|[from] move: Trick\n|-item|p2a: Spiritomb|Leftovers|[from] move: Trick\n|\n|upkeep\n|turn|7\n|\n|t:|1685117337\n|move|p2a: Spiritomb|Sucker Punch|p1a: Audino\n|-damage|p1a: Audino|260/335\n|move|p1a: Audino|Knock Off|p2a: Spiritomb\n|-damage|p2a: Spiritomb|165/231\n|-enditem|p2a: Spiritomb|Leftovers|[from] move: Knock Off|[of] p1a: Audino\n|\n|upkeep\n|turn|8\n|\n|t:|1685117344\n|switch|p2a: Charizard|Charizard, L82, M|189/262\n|move|p1a: Audino|Knock Off|p2a: Charizard\n|-damage|p2a: Charizard|102/262\n|-enditem|p2a: Charizard|Heavy-Duty Boots|[from] move: Knock Off|[of] p1a: Audino\n|\n|upkeep\n|turn|9\n|\n|t:|1685117349\n|move|p2a: Charizard|Focus Blast|p1a: Audino\n|-supereffective|p1a: Audino\n|-damage|p1a: Audino|98/335\n|move|p1a: Audino|Knock Off|p2a: Charizard\n|-damage|p2a: Charizard|39/262\n|\n|upkeep\n|turn|10\n|\n|t:|1685117356\n|move|p2a: Charizard|Roost|p2a: Charizard\n|-heal|p2a: Charizard|170/262\n|-singleturn|p2a: Charizard|move: Roost\n|move|p1a: Audino|Knock Off|p2a: Charizard\n|-damage|p2a: Charizard|109/262\n|\n|upkeep\n|turn|11\n|\n|t:|1685117364\n|move|p2a: Charizard|Roost|p2a: Charizard\n|-heal|p2a: Charizard|240/262\n|-singleturn|p2a: Charizard|move: Roost\n|move|p1a: Audino|Knock Off|p2a: Charizard\n|-damage|p2a: Charizard|175/262\n|\n|upkeep\n|turn|12\n|\n|t:|1685117373\n|switch|p1a: Mewtwo|Mewtwo, L72|272/272\n|-ability|p1a: Mewtwo|Unnerve\n|move|p2a: Charizard|Fire Blast|p1a: Mewtwo\n|-damage|p1a: Mewtwo|140/272\n|\n|-heal|p1a: Mewtwo|157/272|[from] item: Leftovers\n|upkeep\n|turn|13\n|\n|t:|1685117382\n|-start|p1a: Mewtwo|Dynamax|\n|-heal|p1a: Mewtwo|314/544|[silent]\n|move|p1a: Mewtwo|Max Mindstorm|p2a: Charizard\n|-damage|p2a: Charizard|13/262\n|-fieldstart|move: Psychic Terrain\n|move|p2a: Charizard|Roost|p2a: Charizard\n|-heal|p2a: Charizard|144/262\n|-singleturn|p2a: Charizard|move: Roost\n|\n|-heal|p1a: Mewtwo|331/544|[from] item: Leftovers\n|upkeep\n|turn|14\n|\n|t:|1685117394\n|move|p1a: Mewtwo|Max Mindstorm|p2a: Charizard\n|-damage|p2a: Charizard|0 fnt\n|faint|p2a: Charizard\n|\n|-heal|p1a: Mewtwo|348/544|[from] item: Leftovers\n|upkeep\n|\n|t:|1685117400\n|switch|p2a: Galvantula|Galvantula, L82, M|249/249\n|turn|15\n|\n|t:|1685117407\n|move|p1a: Mewtwo|Max Mindstorm|p2a: Galvantula\n|-damage|p2a: Galvantula|0 fnt\n|faint|p2a: Galvantula\n|\n|-heal|p1a: Mewtwo|365/544|[from] item: Leftovers\n|upkeep\n|\n|t:|1685117413\n|switch|p2a: Spiritomb|Spiritomb, L88, M|165/231\n|-end|p1a: Mewtwo|Dynamax\n|-heal|p1a: Mewtwo|183/272|[silent]\n|turn|16\n|c|\u2606Prajintheking|Nakku\n|c|\u2606Prajintheking|Sethapayaley\n|\n|t:|1685117426\n|move|p1a: Mewtwo|Shadow Ball|p2a: Spiritomb\n|-damage|p2a: Spiritomb|116/231\n|move|p2a: Spiritomb|Poltergeist|p1a: Mewtwo\n|-activate|p1a: Mewtwo|move: Poltergeist|Leftovers\n|-supereffective|p1a: Mewtwo\n|-damage|p1a: Mewtwo|0 fnt\n|faint|p1a: Mewtwo\n|\n|upkeep\n|\n|t:|1685117430\n|switch|p1a: Charizard|Charizard, L82, M|262/262\n|turn|17\n|\n|t:|1685117436\n|move|p1a: Charizard|Fire Blast|p2a: Spiritomb\n|-damage|p2a: Spiritomb|20/231\n|move|p2a: Spiritomb|Poltergeist|p1a: Charizard\n|-activate|p1a: Charizard|move: Poltergeist|Heavy-Duty Boots\n|-damage|p1a: Charizard|115/262\n|\n|-fieldend|move: Psychic Terrain\n|upkeep\n|turn|18\n|\n|t:|1685117450\n|switch|p2a: Qwilfish|Qwilfish, L84, M|246/246\n|-ability|p2a: Qwilfish|Intimidate|boost\n|-unboost|p1a: Charizard|atk|1\n|move|p1a: Charizard|Roost|p1a: Charizard\n|-heal|p1a: Charizard|246/262\n|-singleturn|p1a: Charizard|move: Roost\n|\n|upkeep\n|turn|19\n|\n|t:|1685117457\n|move|p1a: Charizard|Earthquake|p2a: Qwilfish\n|-supereffective|p2a: Qwilfish\n|-damage|p2a: Qwilfish|166/246\n|move|p2a: Qwilfish|Waterfall|p1a: Charizard\n|-supereffective|p1a: Charizard\n|-damage|p1a: Charizard|60/262\n|\n|-heal|p2a: Qwilfish|181/246|[from] item: Black Sludge\n|upkeep\n|turn|20\n|\n|t:|1685117465\n|move|p1a: Charizard|Roost|p1a: Charizard\n|-heal|p1a: Charizard|191/262\n|-singleturn|p1a: Charizard|move: Roost\n|move|p2a: Qwilfish|Toxic Spikes|p1a: Charizard\n|-sidestart|p1: Prajintheking|move: Toxic Spikes\n|\n|-heal|p2a: Qwilfish|196/246|[from] item: Black Sludge\n|upkeep\n|turn|21\n|\n|t:|1685117472\n|move|p1a: Charizard|Earthquake|p2a: Qwilfish\n|-supereffective|p2a: Qwilfish\n|-damage|p2a: Qwilfish|114/246\n|move|p2a: Qwilfish|Waterfall|p1a: Charizard\n|-supereffective|p1a: Charizard\n|-damage|p1a: Charizard|5/262\n|\n|-heal|p2a: Qwilfish|129/246|[from] item: Black Sludge\n|upkeep\n|turn|22\n|\n|t:|1685117480\n|move|p1a: Charizard|Roost|p1a: Charizard\n|-heal|p1a: Charizard|136/262\n|-singleturn|p1a: Charizard|move: Roost\n|move|p2a: Qwilfish|Waterfall|p1a: Charizard\n|-supereffective|p1a: Charizard\n|-damage|p1a: Charizard|0 fnt\n|faint|p1a: Charizard\n|\n|-heal|p2a: Qwilfish|144/246|[from] item: Black Sludge\n|upkeep\n|\n|t:|1685117483\n|switch|p1a: Morpeko|Morpeko, L86, M|240/240\n|-status|p1a: Morpeko|psn\n|turn|23\n|\n|t:|1685117494\n|switch|p2a: Silvally|Silvally-Electric, L84|186/297\n|move|p1a: Morpeko|Aura Wheel|p2a: Silvally\n|-resisted|p2a: Silvally\n|-damage|p2a: Silvally|128/297\n|-boost|p1a: Morpeko|spe|1\n|\n|-damage|p1a: Morpeko|210/240 psn|[from] psn\n|-formechange|p1a: Morpeko|Morpeko-Hangry||[from] ability: Hunger Switch\n|upkeep\n|turn|24\n|c|\u2606Prajintheking|Last match\n|c|\u2606Prajintheking|See on tg\n|c|\u2606ABHI625|K\n|c|\u2606ABHI625|K\n|\n|t:|1685117523\n|-start|p2a: Silvally|Dynamax|\n|-heal|p2a: Silvally|256/594|[silent]\n|move|p1a: Morpeko|Foul Play|p2a: Silvally\n|-damage|p2a: Silvally|156/594\n|move|p2a: Silvally|Max Hailstorm|p1a: Morpeko\n|-damage|p1a: Morpeko|81/240 psn\n|-weather|Hail\n|\n|-weather|Hail|[upkeep]\n|-damage|p1a: Morpeko|66/240 psn|[from] Hail\n|-damage|p2a: Silvally|138/594|[from] Hail\n|-heal|p1a: Morpeko|81/240 psn|[from] item: Leftovers\n|-damage|p1a: Morpeko|51/240 psn|[from] psn\n|-formechange|p1a: Morpeko|Morpeko||[from] ability: Hunger Switch\n|upkeep\n|turn|25\n|\n|t:|1685117534\n|move|p1a: Morpeko|Foul Play|p2a: Silvally\n|-damage|p2a: Silvally|36/594\n|move|p2a: Silvally|Max Hailstorm|p1a: Morpeko\n|-damage|p1a: Morpeko|0 fnt\n|faint|p1a: Morpeko\n|\n|-weather|Hail|[upkeep]\n|-damage|p2a: Silvally|18/594|[from] Hail\n|upkeep\n|\n|t:|1685117537\n|switch|p1a: Throh|Throh, L86, M|347/347\n|-status|p1a: Throh|psn\n|turn|26\n|\n|t:|1685117542\n|move|p2a: Silvally|Max Flare|p1a: Throh\n|-damage|p1a: Throh|251/347 psn\n|-weather|SunnyDay\n|move|p1a: Throh|Circle Throw|p2a: Silvally\n|-damage|p2a: Silvally|0 fnt\n|faint|p2a: Silvally\n|\n|-weather|SunnyDay|[upkeep]\n|-heal|p1a: Throh|272/347 psn|[from] item: Leftovers\n|-damage|p1a: Throh|229/347 psn|[from] psn\n|upkeep\n|\n|t:|1685117553\n|switch|p2a: Vileplume|Vileplume, L84, M|109/263\n|turn|27\n|\n|t:|1685117563\n|move|p2a: Vileplume|Strength Sap|p1a: Throh\n|-unboost|p1a: Throh|atk|1\n|-heal|p2a: Vileplume|263/263\n|move|p1a: Throh|Knock Off|p2a: Vileplume\n|-damage|p2a: Vileplume|182/263\n|-enditem|p2a: Vileplume|Black Sludge|[from] move: Knock Off|[of] p1a: Throh\n|\n|-weather|SunnyDay|[upkeep]\n|-heal|p1a: Throh|250/347 psn|[from] item: Leftovers\n|-damage|p1a: Throh|207/347 psn|[from] psn\n|upkeep\n|turn|28\n|\n|t:|1685117569\n|move|p2a: Vileplume|Giga Drain|p1a: Throh\n|-damage|p1a: Throh|113/347 psn\n|-heal|p2a: Vileplume|229/263|[from] drain|[of] p1a: Throh\n|move|p1a: Throh|Rest|p1a: Throh\n|-status|p1a: Throh|slp|[from] move: Rest\n|-heal|p1a: Throh|347/347 slp|[silent]\n|\n|-weather|SunnyDay|[upkeep]\n|upkeep\n|turn|29\n|\n|t:|1685117573\n|move|p2a: Vileplume|Giga Drain|p1a: Throh\n|-damage|p1a: Throh|265/347 slp\n|-heal|p2a: Vileplume|263/263|[from] drain|[of] p1a: Throh\n|cant|p1a: Throh|slp\n|move|p1a: Throh|Sleep Talk|p1a: Throh\n|move|p1a: Throh|Rest||[from]move: Sleep Talk|[still]\n|-fail|p1a: Throh\n|\n|-weather|SunnyDay|[upkeep]\n|-heal|p1a: Throh|286/347 slp|[from] item: Leftovers\n|upkeep\n|turn|30\n|\n|t:|1685117578\n|move|p2a: Vileplume|Giga Drain|p1a: Throh\n|-damage|p1a: Throh|192/347 slp\n|cant|p1a: Throh|slp\n|\n|-weather|none\n|-heal|p1a: Throh|213/347 slp|[from] item: Leftovers\n|upkeep\n|turn|31\n|\n|t:|1685117582\n|switch|p1a: Audino|Audino, L91, M|209/335\n|-status|p1a: Audino|psn\n|move|p2a: Vileplume|Giga Drain|p1a: Audino\n|-damage|p1a: Audino|133/335 psn\n|\n|-damage|p1a: Audino|92/335 psn|[from] psn\n|upkeep\n|turn|32\n|\n|t:|1685117594\n|move|p1a: Audino|Toxic|p2a: Vileplume\n|-immune|p2a: Vileplume\n|move|p2a: Vileplume|Sludge Bomb|p1a: Audino\n|-damage|p1a: Audino|1/335 psn\n|\n|-damage|p1a: Audino|0 fnt|[from] psn\n|faint|p1a: Audino\n|upkeep\n|\n|t:|1685117596\n|switch|p1a: Throh|Throh, L86, M|213/347 slp\n|turn|33\n|\n|t:|1685117599\n|move|p2a: Vileplume|Sludge Bomb|p1a: Throh\n|-damage|p1a: Throh|114/347 slp\n|-curestatus|p1a: Throh|slp|[msg]\n|move|p1a: Throh|Knock Off|p2a: Vileplume\n|-damage|p2a: Vileplume|210/263\n|\n|-heal|p1a: Throh|135/347|[from] item: Leftovers\n|upkeep\n|turn|34\n|\n|t:|1685117605\n|move|p2a: Vileplume|Sleep Powder|p1a: Throh\n|-status|p1a: Throh|slp|[from] move: Sleep Powder\n|cant|p1a: Throh|slp\n|\n|-heal|p1a: Throh|156/347 slp|[from] item: Leftovers\n|upkeep\n|turn|35\n|\n|t:|1685117610\n|move|p2a: Vileplume|Giga Drain|p1a: Throh\n|-damage|p1a: Throh|62/347 slp\n|-heal|p2a: Vileplume|257/263|[from] drain|[of] p1a: Throh\n|cant|p1a: Throh|slp\n|\n|-heal|p1a: Throh|83/347 slp|[from] item: Leftovers\n|upkeep\n|turn|36\n|\n|t:|1685117614\n|move|p2a: Vileplume|Giga Drain|p1a: Throh\n|-damage|p1a: Throh|0 fnt\n|-heal|p2a: Vileplume|263/263|[from] drain|[of] p1a: Throh\n|faint|p1a: Throh\n|\n|win|ABHI625\n|l|\u2606Prajintheking\n", "inputlog": ">version 61c68e60481ef09071210320730fc448fef50368\n>start {\"formatid\":\"gen8randombattle\",\"seed\":[23064,12809,65297,40634]}\n>player p1 {\"name\":\"Prajintheking\",\"avatar\":\"nate\",\"rating\":0,\"seed\":[10445,7246,65357,20670]}\n>player p2 {\"name\":\"ABHI625\",\"avatar\":\"wallace\",\"rating\":0,\"seed\":[64041,15686,50643,394]}\n>p1 move tripleaxel\n>p2 move partingshot\n>p2 switch 3\n>p1 move poltergeist\n>p2 move fireblast\n>p1 switch 6\n>p1 move aurawheel\n>p2 switch 4\n>p1 move psychicfangs\n>p2 move sleeppowder\n>p1 move psychicfangs\n>p2 switch 5\n>p1 switch 2\n>p2 move trick\n>p1 move knockoff\n>p2 move suckerpunch\n>p1 move knockoff\n>p2 switch 4\n>p1 move knockoff\n>p2 move focusblast\n>p1 move knockoff\n>p2 move roost\n>p1 move knockoff\n>p2 move roost\n>p1 switch 5\n>p2 move fireblast\n>p1 move psystrike dynamax\n>p2 move roost\n>p1 move psystrike dynamax\n>p2 move fireblast\n>p2 switch 2\n>p1 move psystrike dynamax\n>p2 move stickyweb\n>p2 switch 4\n>chat \u2606Prajintheking|Nakku\n>chat \u2606Prajintheking|Sethapayaley\n>p1 move shadowball\n>p2 move poltergeist\n>p1 switch 3\n>p1 move fireblast\n>p2 move poltergeist\n>p1 move roost\n>p2 switch 6\n>p1 move earthquake\n>p2 move waterfall\n>p1 move roost\n>p2 move toxicspikes\n>p1 move earthquake\n>p2 move waterfall\n>p1 move roost\n>p2 move waterfall\n>p1 switch 2\n>p1 move aurawheel\n>p2 switch 3\n>chat \u2606Prajintheking|Last match\n>chat \u2606Prajintheking|See on tg\n>chat \u2606ABHI625|K\n>chat \u2606ABHI625|K\n>p1 move foulplay\n>p2 move icebeam dynamax\n>p1 move foulplay\n>p2 move icebeam dynamax\n>p1 switch 4\n>p1 move circlethrow\n>p2 move flamethrower dynamax\n>p2 switch 5\n>p1 move knockoff\n>p2 move strengthsap\n>p1 move rest\n>p2 move gigadrain\n>p1 move sleeptalk\n>p2 move gigadrain\n>p1 move knockoff\n>p2 move gigadrain\n>p1 switch 5\n>p2 move gigadrain\n>p1 move toxic\n>p2 move sludgebomb\n>p1 switch 5\n>p1 move knockoff\n>p2 move sludgebomb\n>p1 move rest\n>p2 move sleeppowder\n>p1 move rest\n>p2 move gigadrain\n>p1 move rest\n>p2 move gigadrain", "uploadtime": 1685117621, "views": 6, "p1id": "prajintheking", "p2id": "abhi625", "formatid": "gen8randombattle", "rating": 0, "private": 0, "password": ""}