|j|☆Libra3544
|j|☆Tttsmbx dj
|t:|1684273707
|gametype|singles
|player|p1|Libra3544|lucas|1094
|player|p2|Tttsmbx dj|169|1000
|teamsize|p1|6
|teamsize|p2|6
|gen|8
|tier|[Gen 8] Random Battle
|rated|
|rule|Species Clause: Limit one of each Pokémon
|rule|HP Percentage Mod: HP is shown in percentages
|rule|Sleep Clause Mod: Limit one foe put to sleep
|
|t:|1684273707
|start
|switch|p1a: Persian|Persian-Alola, L82, M|241/241
|switch|p2a: Heracross|Heracross, L82, F|265/265
|turn|1
|
|t:|1684273718
|switch|p1a: Incineroar|Incineroar, L80, M|283/283
|-ability|p1a: Incineroar|Intimidate|boost
|-unboost|p2a: Heracross|atk|1
|move|p2a: Heracross|Close Combat|p1a: Incineroar
|-supereffective|p1a: Incineroar
|-damage|p1a: Incineroar|89/283
|-unboost|p2a: Heracross|def|1
|-unboost|p2a: Heracross|spd|1
|
|-status|p2a: Heracross|brn|[from] item: Flame Orb
|upkeep
|turn|2
|
|t:|1684273739
|move|p2a: Heracross|Facade|p1a: Incineroar
|-damage|p1a: Incineroar|0 fnt
|faint|p1a: Incineroar
|
|-damage|p2a: Heracross|249/265 brn|[from] brn
|upkeep
|
|t:|1684273747
|switch|p1a: Persian|Persian-Alola, L82, M|241/241
|turn|3
|
|t:|1684273754
|move|p1a: Persian|Hypnosis||[still]
|-fail|p1a: Persian
|move|p2a: Heracross|Close Combat|p1a: Persian
|-supereffective|p1a: Persian
|-damage|p1a: Persian|49/241
|-unboost|p2a: Heracross|def|1
|-unboost|p2a: Heracross|spd|1
|
|-damage|p2a: Heracross|233/265 brn|[from] brn
|upkeep
|turn|4
|
|t:|1684273766
|switch|p2a: Tapu Koko|Tapu Koko, L78|237/237
|-fieldstart|move: Electric Terrain|[from] ability: Electric Surge|[of] p2a: Tapu Koko
|move|p1a: Persian|Thunderbolt|p2a: Tapu Koko
|-resisted|p2a: Tapu Koko
|-damage|p2a: Tapu Koko|201/237
|
|-heal|p2a: Tapu Koko|215/237|[from] item: Leftovers
|upkeep
|turn|5
|
|t:|1684273785
|move|p2a: Tapu Koko|Substitute|p2a: Tapu Koko
|-start|p2a: Tapu Koko|Substitute
|-damage|p2a: Tapu Koko|156/237
|move|p1a: Persian|Hypnosis||[still]
|-fail|p1a: Persian
|
|-heal|p2a: Tapu Koko|170/237|[from] item: Leftovers
|upkeep
|turn|6
|
|t:|1684273802
|switch|p1a: Tsareena|Tsareena, L84, F|258/258
|move|p2a: Tapu Koko|Calm Mind|p2a: Tapu Koko
|-boost|p2a: Tapu Koko|spa|1
|-boost|p2a: Tapu Koko|spd|1
|
|-heal|p2a: Tapu Koko|184/237|[from] item: Leftovers
|upkeep
|turn|7
|
|t:|1684273815
|move|p2a: Tapu Koko|Dazzling Gleam|p1a: Tsareena
|-damage|p1a: Tsareena|150/258
|move|p1a: Tsareena|Power Whip|p2a: Tapu Koko|[miss]
|-miss|p1a: Tsareena|p2a: Tapu Koko
|
|-heal|p2a: Tapu Koko|198/237|[from] item: Leftovers
|upkeep
|turn|8
|
|t:|1684273826
|move|p2a: Tapu Koko|Calm Mind|p2a: Tapu Koko
|-boost|p2a: Tapu Koko|spa|1
|-boost|p2a: Tapu Koko|spd|1
|move|p1a: Tsareena|High Jump Kick|p2a: Tapu Koko
|-resisted|p2a: Tapu Koko
|-end|p2a: Tapu Koko|Substitute
|-damage|p1a: Tsareena|125/258|[from] item: Life Orb
|
|-heal|p2a: Tapu Koko|212/237|[from] item: Leftovers
|-fieldend|move: Electric Terrain
|upkeep
|turn|9
|
|t:|1684273843
|move|p2a: Tapu Koko|Dazzling Gleam|p1a: Tsareena
|-damage|p1a: Tsareena|0 fnt
|faint|p1a: Tsareena
|
|-heal|p2a: Tapu Koko|226/237|[from] item: Leftovers
|upkeep
|
|t:|1684273850
|switch|p1a: Persian|Persian-Alola, L82, M|49/241
|turn|10
|
|t:|1684273856
|move|p2a: Tapu Koko|Dazzling Gleam|p1a: Persian
|-supereffective|p1a: Persian
|-damage|p1a: Persian|0 fnt
|faint|p1a: Persian
|
|-heal|p2a: Tapu Koko|237/237|[from] item: Leftovers
|upkeep
|
|t:|1684273862
|switch|p1a: Melmetal|Melmetal, L74|322/322
|turn|11
|
|t:|1684273871
|move|p2a: Tapu Koko|Substitute|p2a: Tapu Koko
|-start|p2a: Tapu Koko|Substitute
|-damage|p2a: Tapu Koko|178/237
|move|p1a: Melmetal|Thunder Wave|p2a: Tapu Koko|[miss]
|-miss|p1a: Melmetal|p2a: Tapu Koko
|
|-heal|p2a: Tapu Koko|192/237|[from] item: Leftovers
|upkeep
|turn|12
|
|t:|1684273880
|move|p2a: Tapu Koko|Calm Mind|p2a: Tapu Koko
|-boost|p2a: Tapu Koko|spa|1
|-boost|p2a: Tapu Koko|spd|1
|move|p1a: Melmetal|Earthquake|p2a: Tapu Koko
|-supereffective|p2a: Tapu Koko
|-end|p2a: Tapu Koko|Substitute
|
|-heal|p2a: Tapu Koko|206/237|[from] item: Leftovers
|upkeep
|turn|13
|
|t:|1684273900
|-start|p2a: Tapu Koko|Dynamax|
|-heal|p2a: Tapu Koko|412/474|[silent]
|move|p2a: Tapu Koko|Max Lightning|p1a: Melmetal
|-damage|p1a: Melmetal|0 fnt
|-fieldstart|move: Electric Terrain
|faint|p1a: Melmetal
|
|-heal|p2a: Tapu Koko|426/474|[from] item: Leftovers
|upkeep
|
|t:|1684273910
|switch|p1a: Sandslash|Sandslash, L86, M|269/269
|turn|14
|
|t:|1684273915
|move|p2a: Tapu Koko|Max Starfall|p1a: Sandslash
|-damage|p1a: Sandslash|0 fnt
|-fieldstart|move: Misty Terrain
|faint|p1a: Sandslash
|
|-heal|p2a: Tapu Koko|440/474|[from] item: Leftovers
|upkeep
|
|t:|1684273923
|switch|p1a: Xerneas|Xerneas, L67|280/280
|-ability|p1a: Xerneas|Fairy Aura
|turn|15
|
|t:|1684273931
|move|p2a: Tapu Koko|Max Starfall|p1a: Xerneas
|-damage|p1a: Xerneas|0 fnt
|faint|p1a: Xerneas
|
|win|Tttsmbx dj
|raw|Libra3544's rating: 1094 &rarr; <strong>1064</strong><br />(-30 for losing)
|raw|Tttsmbx dj's rating: 1000 &rarr; <strong>1051</strong><br />(+51 for winning)
|c|☆Libra3544|gg
|l|☆Libra3544
