{"id": "gen8randombattle-1872643871", "p1": "theironpikachu", "p2": "blueczarr", "format": "[Gen 8] Random Battle", "log": "|j|\u2606theironpikachu\n|j|\u2606blueczarr\n|inactive|Battle timer is ON: inactive players will automatically lose when time's up.\n|t:|1685259314\n|gametype|singles\n|player|p1|theironpikachu|may-masters|\n|player|p2|blueczarr|medium|\n|teamsize|p1|24\n|teamsize|p2|24\n|gen|8\n|tier|[Gen 8] Random Battle\n|rated|Tournament battle\n|rule|Species Clause: Limit one of each Pok\u00e9mon\n|rule|HP Percentage Mod: HP is shown in percentages\n|rule|Sleep Clause Mod: Limit one foe put to sleep\n|rule|Dynamax Clause: You cannot dynamax\n|clearpoke\n|poke|p1|Qwilfish, L88, F|\n|poke|p1|Musharna, L88, F|\n|poke|p1|Blaziken, L81, M|\n|poke|p1|Dusknoir, L88, F|\n|poke|p1|Shedinja, L92|\n|poke|p1|Sandaconda, L88, M|\n|poke|p1|Mr. Mime-Galar, L88, F|\n|poke|p1|Zygarde, L76|\n|poke|p1|Genesect, L76|\n|poke|p1|Cramorant, L88, M|\n|poke|p1|Groudon, L76|\n|poke|p1|Golduck, L88, F|\n|poke|p1|Arctozolt, L88|\n|poke|p1|Regidrago, L85|\n|poke|p1|Dedenne, L88, M|\n|poke|p1|Xerneas-*, L70|\n|poke|p1|Froslass, L88, F|\n|poke|p1|Cherrim, L88, M|\n|poke|p1|Raichu, L88, F|\n|poke|p1|Sylveon, L86, M|\n|poke|p1|Morpeko, L88, M|\n|poke|p1|Exeggutor-Alola, L87, F|\n|poke|p1|Lopunny, L88, F|\n|poke|p1|Weezing-Galar, L84, M|\n|poke|p2|Regirock, L88|\n|poke|p2|Slurpuff, L84, F|\n|poke|p2|Keldeo-Resolute, L82|\n|poke|p2|Heatran, L80, M|\n|poke|p2|Glaceon, L88, F|\n|poke|p2|Froslass, L88, F|\n|poke|p2|Wigglytuff, L88, F|\n|poke|p2|Dracozolt, L81|\n|poke|p2|Abomasnow, L88, F|\n|poke|p2|Ninetales, L88, F|\n|poke|p2|Hitmontop, L86, M|\n|poke|p2|Passimian, L86, F|\n|poke|p2|Amoonguss, L82, F|\n|poke|p2|Regigigas, L88|\n|poke|p2|Celebi, L84|\n|poke|p2|Drampa, L87, F|\n|poke|p2|Sawk, L88, M|\n|poke|p2|Throh, L88, M|\n|poke|p2|Nidoqueen, L84, F|\n|poke|p2|Eternatus, L73|\n|poke|p2|Lickilicky, L88, F|\n|poke|p2|Lurantis, L88, M|\n|poke|p2|Venusaur, L82, F|\n|poke|p2|Sandslash, L88, F|\n|teampreview|6\n|j|*Lady Monita\n|inactive|theironpikachu also wants the timer to be on.\n|c|\u2606blueczarr|glhf\n|c|\u2606theironpikachu|glhf\n|inactive|theironpikachu has 120 seconds left.\n|inactive|blueczarr has 120 seconds left.\n|c|\u2606theironpikachu|rip im sorry\n|c|\u2606blueczarr|im being punished for using shedinja last game\n|inactive|theironpikachu has 90 seconds left.\n|inactive|blueczarr has 90 seconds left.\n|j| Hiusi guy\n|c| Hiusi guy|zamn\n|l| Hiusi guy\n|inactive|theironpikachu has 60 seconds left.\n|inactive|blueczarr has 60 seconds left.\n|inactive|theironpikachu has 30 seconds left.\n|inactive|blueczarr has 30 seconds left.\n|inactive|theironpikachu has 20 seconds left.\n|inactive|blueczarr has 20 seconds left.\n|inactive|blueczarr has 15 seconds left.\n|inactive|blueczarr has 10 seconds left.\n|inactive|blueczarr has 5 seconds left.\n|\n|t:|1685259462\n|start\n|switch|p1a: Genesect|Genesect, L76|277/277\n|switch|p2a: Heatran|Heatran, L80, M|307/307\n|turn|1\n|\n|t:|1685259480\n|move|p2a: Heatran|Flamethrower|p1a: Genesect\n|-supereffective|p1a: Genesect\n|-damage|p1a: Genesect|0 fnt\n|faint|p1a: Genesect\n|\n|win|blueczarr\n|n|\u2606theironpikachu|theironpikachu\n|n|\u2606blueczarr|blueczarr\n|n|*Lady Monita|ladymonita\n", "inputlog": ">version d74822bbc74c095aa312053f7034baee3068d99e\n>start {\"formatid\":\"gen8randombattle@@@Chimera 1v1 Rule,Dynamax Clause,maxteamsize=24\",\"seed\":[62651,11169,7965,59819],\"rated\":\"Tournament battle\"}\n>player p1 {\"name\":\"theironpikachu\",\"avatar\":\"may-masters\",\"rating\":0,\"seed\":[35048,44703,7056,58372]}\n>player p2 {\"name\":\"blueczarr\",\"avatar\":\"medium\",\"rating\":0,\"seed\":[46311,54115,34279,36000]}\n>chat \u2606blueczarr|glhf\n>chat \u2606theironpikachu|glhf\n>chat \u2606theironpikachu|rip im sorry\n>chat \u2606blueczarr|im being punished for using shedinja last game\n>chat  Hiusi guy|zamn\n>p1 team 9, 6, 5, 11, 3, 13\n>p2 team 4, 11, 8, 14, 20, 12\n>p1 move stompingtantrum\n>p2 move flamethrower", "uploadtime": 1685259481, "views": 3, "p1id": "theironpikachu", "p2id": "blueczarr", "formatid": "gen8randombattle", "rating": 0, "private": 0, "password": ""}