{"id": "gen8randombattle-1874939662", "p1": "Yuishiina", "p2": "SexyJesu69", "format": "[Gen 8] Random Battle", "log": "|j|\u2606Yuishiina\n|j|\u2606SexyJesu69\n|t:|1685553996\n|gametype|singles\n|player|p1|Yuishiina|dawn-gen4pt|1000\n|player|p2|SexyJesu69|101|1000\n|teamsize|p1|6\n|teamsize|p2|6\n|gen|8\n|tier|[Gen 8] Random Battle\n|rated|\n|rule|Species Clause: Limit one of each Pok\u00e9mon\n|rule|HP Percentage Mod: HP is shown in percentages\n|rule|Sleep Clause Mod: Limit one foe put to sleep\n|\n|t:|1685553996\n|start\n|switch|p1a: Silvally|Silvally-Dark, L84|297/297\n|switch|p2a: Noctowl|Noctowl, L88, F|319/319\n|turn|1\n|\n|t:|1685554015\n|move|p1a: Silvally|Swords Dance|p1a: Silvally\n|-boost|p1a: Silvally|atk|2\n|move|p2a: Noctowl|Nasty Plot|p2a: Noctowl\n|-boost|p2a: Noctowl|spa|2\n|\n|upkeep\n|turn|2\n|inactive|Battle timer is ON: inactive players will automatically lose when time's up. (requested by SexyJesu69)\n|\n|t:|1685554023\n|move|p1a: Silvally|Iron Head|p2a: Noctowl\n|-damage|p2a: Noctowl|158/319\n|cant|p2a: Noctowl|flinch\n|\n|upkeep\n|turn|3\n|\n|t:|1685554032\n|move|p1a: Silvally|Iron Head|p2a: Noctowl\n|-damage|p2a: Noctowl|0 fnt\n|faint|p2a: Noctowl\n|\n|upkeep\n|\n|t:|1685554048\n|switch|p2a: Golisopod|Golisopod, L84, F|263/263\n|turn|4\n|\n|t:|1685554075\n|move|p2a: Golisopod|First Impression|p1a: Silvally\n|-supereffective|p1a: Silvally\n|-damage|p1a: Silvally|75/297\n|move|p1a: Silvally|Swords Dance|p1a: Silvally\n|-boost|p1a: Silvally|atk|2\n|\n|upkeep\n|turn|5\n|\n|t:|1685554087\n|move|p1a: Silvally|Multi-Attack|p2a: Golisopod\n|-damage|p2a: Golisopod|20/263\n|-activate|p2a: Golisopod|ability: Emergency Exit\n|\n|t:|1685554094\n|switch|p2a: Ludicolo|Ludicolo, L86, F|278/278\n|\n|upkeep\n|turn|6\n|\n|t:|1685554101\n|move|p1a: Silvally|Multi-Attack|p2a: Ludicolo\n|-damage|p2a: Ludicolo|0 fnt\n|faint|p2a: Ludicolo\n|\n|upkeep\n|\n|t:|1685554105\n|switch|p2a: Lycanroc|Lycanroc, L80, F|251/251\n|turn|7\n|\n|t:|1685554109\n|move|p2a: Lycanroc|Accelerock|p1a: Silvally\n|-damage|p1a: Silvally|5/297\n|move|p1a: Silvally|Iron Head|p2a: Lycanroc\n|-supereffective|p2a: Lycanroc\n|-damage|p2a: Lycanroc|0 fnt\n|faint|p2a: Lycanroc\n|\n|upkeep\n|\n|t:|1685554118\n|switch|p2a: Vikavolt|Vikavolt, L82, M|260/260\n|turn|8\n|\n|t:|1685554126\n|move|p1a: Silvally|Multi-Attack|p2a: Vikavolt\n|-damage|p2a: Vikavolt|0 fnt\n|faint|p2a: Vikavolt\n|\n|upkeep\n|\n|t:|1685554131\n|switch|p2a: Magnezone|Magnezone, L84|255/255\n|turn|9\n|\n|t:|1685554138\n|move|p1a: Silvally|Multi-Attack|p2a: Magnezone\n|-damage|p2a: Magnezone|0 fnt\n|faint|p2a: Magnezone\n|\n|upkeep\n|\n|t:|1685554141\n|switch|p2a: Golisopod|Golisopod, L84, F|20/263\n|turn|10\n|n|!SexyJesu69|sexyjesu69\n|\n|t:|1685554155\n|move|p1a: Silvally|Iron Head|p2a: Golisopod\n|-resisted|p2a: Golisopod\n|-damage|p2a: Golisopod|0 fnt\n|faint|p2a: Golisopod\n|\n|win|Yuishiina\n|raw|Yuishiina's rating: 1000 &rarr; <strong>1040</strong><br />(+40 for winning)\n|raw|SexyJesu69's rating: 1000 &rarr; <strong>1000</strong><br />(+0 for losing)\n", "inputlog": ">version df10212e8bfdc37bcabc8b288b8d2f3885a507ef\n>start {\"formatid\":\"gen8randombattle\",\"seed\":[24468,28961,47551,44643],\"rated\":\"Rated battle\"}\n>player p1 {\"name\":\"Yuishiina\",\"avatar\":\"dawn-gen4pt\",\"rating\":1000,\"seed\":[34664,25057,13263,51535]}\n>player p2 {\"name\":\"SexyJesu69\",\"avatar\":\"101\",\"rating\":1000,\"seed\":[39529,14605,62415,10107]}\n>p1 move swordsdance\n>p2 move nastyplot\n>p1 move ironhead\n>p2 move nastyplot\n>p1 move ironhead\n>p2 move hurricane\n>p2 switch 4\n>p1 move swordsdance\n>p2 move firstimpression\n>p1 move multiattack\n>p2 move liquidation\n>p2 switch 2\n>p1 move multiattack\n>p2 move gigadrain\n>p2 switch 3\n>p1 move ironhead\n>p2 move accelerock\n>p2 switch 5\n>p1 move multiattack\n>p2 move voltswitch\n>p2 switch 6\n>p1 move multiattack\n>p2 move flashcannon\n>p2 switch 2\n>chat \u2606SexyJesu69|Oh fuck off\n>p1 move ironhead\n>p2 move leechlife", "uploadtime": 1685554146, "views": 5, "p1id": "yuishiina", "p2id": "sexyjesu69", "formatid": "gen8randombattle", "rating": 1000, "private": 0, "password": ""}