{"id": "gen8randombattle-1873337574", "p1": "bodi 69", "p2": "Skyrack", "format": "[Gen 8] Random Battle", "log": "|j|\u2606bodi 69\n|j|\u2606Skyrack\n|t:|1685365232\n|gametype|singles\n|player|p1|bodi 69|leon|\n|player|p2|Skyrack|ethan|\n|teamsize|p1|6\n|teamsize|p2|6\n|gen|8\n|tier|[Gen 8] Random Battle\n|rule|Species Clause: Limit one of each Pok\u00e9mon\n|rule|HP Percentage Mod: HP is shown in percentages\n|rule|Sleep Clause Mod: Limit one foe put to sleep\n|\n|t:|1685365232\n|start\n|switch|p1a: Yveltal|Yveltal, L69|288/288\n|switch|p2a: Indeedee|Indeedee, L83, M|235/235\n|-fieldstart|move: Psychic Terrain|[from] ability: Psychic Surge|[of] p2a: Indeedee\n|-ability|p1a: Yveltal|Dark Aura\n|turn|1\n|inactive|Battle timer is ON: inactive players will automatically lose when time's up. (requested by bodi 69)\n|inactive|Skyrack also wants the timer to be on.\n|j| Wubben\n|j| Trefleuh\n|j| 35Q71N\n|j| Lrogue \u2740\n|inactive|Skyrack has 270 seconds left.\n|\n|t:|1685365264\n|switch|p2a: Crustle|Crustle, L82, F|249/249\n|move|p1a: Yveltal|Knock Off|p2a: Crustle\n|-damage|p2a: Crustle|147/249\n|-enditem|p2a: Crustle|Heavy-Duty Boots|[from] move: Knock Off|[of] p1a: Yveltal\n|\n|upkeep\n|turn|2\n|j|+Chains of Markov\n|j| Teres bahji\n|\n|t:|1685365285\n|switch|p1a: Sandaconda|Sandaconda, L84, F|258/258\n|move|p2a: Crustle|Stealth Rock|p1a: Sandaconda\n|-sidestart|p1: bodi 69|move: Stealth Rock\n|\n|upkeep\n|turn|3\n|c| Teres bahji|huh\n|\n|t:|1685365301\n|switch|p2a: Amoonguss|Amoonguss, L84, M|329/329\n|move|p1a: Sandaconda|Stealth Rock|p2a: Amoonguss\n|-sidestart|p2: Skyrack|move: Stealth Rock\n|\n|upkeep\n|turn|4\n|\n|t:|1685365314\n|switch|p1a: Bouffalant|Bouffalant, L84, F|297/297\n|-damage|p1a: Bouffalant|260/297|[from] Stealth Rock\n|move|p2a: Amoonguss|Giga Drain|p1a: Bouffalant\n|-ability|p1a: Bouffalant|Sap Sipper|boost\n|-boost|p1a: Bouffalant|atk|1\n|\n|upkeep\n|turn|5\n|c|\u2606bodi 69|yes\n|j| JJ09LIE\n|\n|t:|1685365327\n|move|p1a: Bouffalant|Earthquake|p2a: Amoonguss\n|-damage|p2a: Amoonguss|125/329\n|move|p2a: Amoonguss|Sludge Bomb|p1a: Bouffalant\n|-crit|p1a: Bouffalant\n|-damage|p1a: Bouffalant|143/297\n|-status|p1a: Bouffalant|psn\n|\n|-heal|p2a: Amoonguss|145/329|[from] item: Black Sludge\n|-damage|p1a: Bouffalant|106/297 psn|[from] psn\n|-fieldend|move: Psychic Terrain\n|upkeep\n|turn|6\n|c|\u2606bodi 69|ofc\n|\n|t:|1685365340\n|switch|p2a: Lugia|Lugia, L74|279/279\n|move|p1a: Bouffalant|Earthquake|p2a: Lugia\n|-immune|p2a: Lugia\n|\n|-damage|p1a: Bouffalant|69/297 psn|[from] psn\n|upkeep\n|turn|7\n|\n|t:|1685365348\n|move|p2a: Lugia|Air Slash|p1a: Bouffalant\n|-damage|p1a: Bouffalant|8/297 psn\n|cant|p1a: Bouffalant|flinch\n|\n|-damage|p1a: Bouffalant|0 fnt|[from] psn\n|faint|p1a: Bouffalant\n|upkeep\n|\n|t:|1685365353\n|switch|p1a: Yveltal|Yveltal, L69|288/288\n|-ability|p1a: Yveltal|Dark Aura\n|turn|8\n|\n|t:|1685365359\n|switch|p2a: Crustle|Crustle, L82, F|147/249\n|-damage|p2a: Crustle|85/249|[from] Stealth Rock\n|move|p1a: Yveltal|Knock Off|p2a: Crustle\n|-damage|p2a: Crustle|28/249\n|\n|upkeep\n|turn|9\n|\n|t:|1685365364\n|move|p1a: Yveltal|Oblivion Wing|p2a: Crustle\n|-damage|p2a: Crustle|0 fnt\n|faint|p2a: Crustle\n|\n|upkeep\n|\n|t:|1685365378\n|switch|p2a: Frosmoth|Frosmoth, L82, F|249/249\n|turn|10\n|\n|t:|1685365382\n|move|p1a: Yveltal|Knock Off|p2a: Frosmoth\n|-damage|p2a: Frosmoth|101/249\n|-enditem|p2a: Frosmoth|Heavy-Duty Boots|[from] move: Knock Off|[of] p1a: Yveltal\n|move|p2a: Frosmoth|Quiver Dance|p2a: Frosmoth\n|-boost|p2a: Frosmoth|spa|1\n|-boost|p2a: Frosmoth|spd|1\n|-boost|p2a: Frosmoth|spe|1\n|\n|upkeep\n|turn|11\n|\n|t:|1685365385\n|move|p1a: Yveltal|Sucker Punch|p2a: Frosmoth\n|-damage|p2a: Frosmoth|0 fnt\n|faint|p2a: Frosmoth\n|\n|upkeep\n|c|\u2606bodi 69|not today sob\n|c|\u2606bodi 69|son*\n|\n|t:|1685365394\n|switch|p2a: Rhyperior|Rhyperior, L82, F|323/323\n|-damage|p2a: Rhyperior|303/323|[from] Stealth Rock\n|turn|12\n|\n|t:|1685365403\n|switch|p1a: Sandaconda|Sandaconda, L84, F|258/258\n|-damage|p1a: Sandaconda|242/258|[from] Stealth Rock\n|move|p2a: Rhyperior|Stone Edge|p1a: Sandaconda\n|-resisted|p1a: Sandaconda\n|-damage|p1a: Sandaconda|191/258\n|\n|-heal|p1a: Sandaconda|207/258|[from] item: Leftovers\n|upkeep\n|turn|13\n|\n|t:|1685365408\n|move|p1a: Sandaconda|Coil|p1a: Sandaconda\n|-boost|p1a: Sandaconda|atk|1\n|-boost|p1a: Sandaconda|def|1\n|-boost|p1a: Sandaconda|accuracy|1\n|move|p2a: Rhyperior|Earthquake|p1a: Sandaconda\n|-damage|p1a: Sandaconda|137/258\n|\n|-heal|p1a: Sandaconda|153/258|[from] item: Leftovers\n|upkeep\n|turn|14\n|\n|t:|1685365411\n|move|p1a: Sandaconda|Earthquake|p2a: Rhyperior\n|-supereffective|p2a: Rhyperior\n|-damage|p2a: Rhyperior|126/323\n|-enditem|p2a: Rhyperior|Weakness Policy\n|-boost|p2a: Rhyperior|atk|2|[from] item: Weakness Policy\n|-boost|p2a: Rhyperior|spa|2|[from] item: Weakness Policy\n|move|p2a: Rhyperior|Rock Polish|p2a: Rhyperior\n|-boost|p2a: Rhyperior|spe|2\n|\n|-heal|p1a: Sandaconda|169/258|[from] item: Leftovers\n|upkeep\n|turn|15\n|\n|t:|1685365418\n|-start|p2a: Rhyperior|Dynamax|\n|-heal|p2a: Rhyperior|252/646|[silent]\n|move|p2a: Rhyperior|Max Quake|p1a: Sandaconda\n|-damage|p1a: Sandaconda|3/258\n|-boost|p2a: Rhyperior|spd|1\n|move|p1a: Sandaconda|Earthquake|p2a: Rhyperior\n|-supereffective|p2a: Rhyperior\n|-damage|p2a: Rhyperior|45/646\n|\n|-heal|p1a: Sandaconda|19/258|[from] item: Leftovers\n|upkeep\n|turn|16\n|\n|t:|1685365426\n|move|p2a: Rhyperior|Max Rockfall|p1a: Sandaconda\n|-resisted|p1a: Sandaconda\n|-damage|p1a: Sandaconda|0 fnt\n|-weather|Sandstorm\n|faint|p1a: Sandaconda\n|\n|-weather|Sandstorm|[upkeep]\n|upkeep\n|\n|t:|1685365432\n|switch|p1a: Yveltal|Yveltal, L69|288/288\n|-ability|p1a: Yveltal|Dark Aura\n|turn|17\n|\n|t:|1685365443\n|move|p1a: Yveltal|Sucker Punch|p2a: Rhyperior\n|-damage|p2a: Rhyperior|0 fnt\n|faint|p2a: Rhyperior\n|\n|-weather|Sandstorm|[upkeep]\n|-damage|p1a: Yveltal|270/288|[from] Sandstorm\n|upkeep\n|\n|t:|1685365463\n|switch|p2a: Amoonguss|Amoonguss, L84, M|254/329\n|-damage|p2a: Amoonguss|213/329|[from] Stealth Rock\n|turn|18\n|l| JJ09LIE\n|\n|t:|1685365474\n|-start|p1a: Yveltal|Dynamax|\n|-heal|p1a: Yveltal|540/576|[silent]\n|move|p1a: Yveltal|Max Airstream|p2a: Amoonguss\n|-supereffective|p2a: Amoonguss\n|-damage|p2a: Amoonguss|0 fnt\n|-boost|p1a: Yveltal|spe|1\n|faint|p2a: Amoonguss\n|\n|-weather|Sandstorm|[upkeep]\n|-damage|p1a: Yveltal|522/576|[from] Sandstorm\n|upkeep\n|\n|t:|1685365476\n|switch|p2a: Lugia|Lugia, L74|279/279\n|turn|19\n|\n|t:|1685365481\n|move|p1a: Yveltal|Max Darkness|p2a: Lugia\n|-supereffective|p2a: Lugia\n|-damage|p2a: Lugia|165/279\n|-unboost|p2a: Lugia|spd|1\n|move|p2a: Lugia|Toxic|p1a: Yveltal\n|-status|p1a: Yveltal|tox\n|\n|-weather|Sandstorm|[upkeep]\n|-damage|p1a: Yveltal|504/576 tox|[from] Sandstorm\n|-damage|p2a: Lugia|148/279|[from] Sandstorm\n|-damage|p1a: Yveltal|486/576 tox|[from] psn\n|upkeep\n|turn|20\n|\n|t:|1685365487\n|move|p1a: Yveltal|Max Airstream|p2a: Lugia\n|-damage|p2a: Lugia|22/279\n|-boost|p1a: Yveltal|spe|1\n|move|p2a: Lugia|Roost|p2a: Lugia\n|-heal|p2a: Lugia|162/279\n|-singleturn|p2a: Lugia|move: Roost\n|\n|-weather|none\n|-damage|p1a: Yveltal|450/576 tox|[from] psn\n|upkeep\n|-end|p1a: Yveltal|Dynamax\n|-heal|p1a: Yveltal|225/288 tox|[silent]\n|turn|21\n|c|\u2606Skyrack|yeah\n|c|\u2606Skyrack|gg\n|c|\u2606bodi 69|gg\n|\n|t:|1685365501\n|move|p1a: Yveltal|Oblivion Wing|p2a: Lugia\n|-damage|p2a: Lugia|78/279\n|-heal|p1a: Yveltal|288/288 tox|[from] drain|[of] p2a: Lugia\n|move|p2a: Lugia|Air Slash|p1a: Yveltal\n|-damage|p1a: Yveltal|221/288 tox\n|\n|-damage|p1a: Yveltal|167/288 tox|[from] psn\n|upkeep\n|turn|22\n|c| Wubben|Yveltal pog\n|\n|t:|1685365505\n|move|p1a: Yveltal|Knock Off|p2a: Lugia\n|-supereffective|p2a: Lugia\n|-damage|p2a: Lugia|0 fnt\n|-enditem|p2a: Lugia|Heavy-Duty Boots|[from] move: Knock Off|[of] p1a: Yveltal\n|faint|p2a: Lugia\n|\n|-damage|p1a: Yveltal|95/288 tox|[from] psn\n|upkeep\n|j| JJ09LIE\n|\n|t:|1685365508\n|switch|p2a: Indeedee|Indeedee, L83, M|235/235\n|-damage|p2a: Indeedee|206/235|[from] Stealth Rock\n|-fieldstart|move: Psychic Terrain|[from] ability: Psychic Surge|[of] p2a: Indeedee\n|turn|23\n|c|\u2606bodi 69|wp\n|\n|t:|1685365514\n|move|p1a: Yveltal|Knock Off|p2a: Indeedee\n|-supereffective|p2a: Indeedee\n|-damage|p2a: Indeedee|0 fnt\n|-enditem|p2a: Indeedee|Focus Sash|[from] move: Knock Off|[of] p1a: Yveltal\n|faint|p2a: Indeedee\n|\n|win|bodi 69\n", "inputlog": ">version 6fec31d5a0d4498a06105aa188c9906bc0b6bf95\n>start {\"formatid\":\"gen8randombattle\",\"seed\":[44887,51288,32805,44060]}\n>player p1 {\"name\":\"bodi 69\",\"avatar\":\"leon\",\"rating\":0,\"seed\":[46636,26122,64937,62550]}\n>player p2 {\"name\":\"Skyrack\",\"avatar\":\"ethan\",\"rating\":0,\"seed\":[45040,7713,7768,60337]}\n>p1 move knockoff\n>p2 switch 4\n>p1 switch 5\n>p2 move stealthrock\n>chat  Teres bahji|huh\n>p1 move stealthrock\n>p2 switch 3\n>p1 switch 3\n>p2 move gigadrain\n>chat \u2606bodi 69|yes\n>p1 move earthquake\n>p2 move sludgebomb\n>chat \u2606bodi 69|ofc\n>p1 move earthquake\n>p2 switch 5\n>p1 move earthquake\n>p2 move airslash\n>p1 switch 5\n>p1 move knockoff\n>p2 switch 3\n>p1 move oblivionwing\n>p2 move stoneedge\n>p2 switch 6\n>p1 move knockoff\n>p2 move quiverdance\n>p1 move suckerpunch\n>p2 move icebeam\n>chat \u2606bodi 69|not today sob\n>chat \u2606bodi 69|son*\n>p2 switch 2\n>p1 switch 3\n>p2 move stoneedge\n>p1 move coil\n>p2 move earthquake\n>p1 move earthquake\n>p2 move rockpolish\n>p1 move earthquake\n>p2 move earthquake dynamax\n>p1 move earthquake\n>p2 move stoneedge dynamax\n>p1 switch 3\n>p1 move suckerpunch\n>p2 move stoneedge dynamax\n>p2 switch 5\n>p1 move oblivionwing dynamax\n>p2 move toxic\n>p2 switch 3\n>p1 move knockoff dynamax\n>p2 move toxic\n>p1 move oblivionwing dynamax\n>p2 move roost\n>chat \u2606Skyrack|yeah\n>chat \u2606Skyrack|gg\n>chat \u2606bodi 69|gg\n>p1 move oblivionwing\n>p2 move airslash\n>chat  Wubben|Yveltal pog\n>p1 move knockoff\n>p2 move roost\n>p2 switch 4\n>chat \u2606bodi 69|wp\n>p1 move knockoff\n>p2 move hypervoice", "uploadtime": 1685365519, "views": 12, "p1id": "bodi69", "p2id": "skyrack", "formatid": "gen8randombattle", "rating": 0, "private": 0, "password": ""}