|inactive|Battle timer is ON: inactive players will automatically lose when time's up.
|j|☆533mm
|j|☆vaporeonishocsa
|t:|1685500960
|gametype|singles
|player|p1|533mm|169|
|player|p2|vaporeonishocsa|firebreather|
|teamsize|p1|6
|teamsize|p2|6
|gen|8
|tier|[Gen 8] Random Battle
|rated|Tournament battle
|rule|Species Clause: Limit one of each Pokémon
|rule|HP Percentage Mod: HP is shown in percentages
|rule|Sleep Clause Mod: Limit one foe put to sleep
|rule|Blitz: Super-fast timer
|
|t:|1685500960
|start
|switch|p1a: Victini|Victini, L78|283/283
|switch|p2a: Kommo-o|Kommo-o, L80, F|251/251
|turn|1
|inactive|533mm also wants the timer to be on.
|inactive|vaporeonishocsa has 30 seconds left.
|inactive|533mm has 30 seconds left.
|
|t:|1685500979
|switch|p2a: Reuniclus|Reuniclus, L84, M|322/322
|move|p1a: Victini|U-turn|p2a: Reuniclus
|-supereffective|p2a: Reuniclus
|-damage|p2a: Reuniclus|216/322
|
|t:|1685500983
|switch|p1a: Landorus|Landorus, L76, M|260/260|[from] U-turn
|
|upkeep
|turn|2
|inactive|vaporeonishocsa has 10 seconds left.
|
|t:|1685500990
|move|p1a: Landorus|Stealth Rock|p2a: Reuniclus
|-sidestart|p2: vaporeonishocsa|move: Stealth Rock
|move|p2a: Reuniclus|Recover|p2a: Reuniclus
|-heal|p2a: Reuniclus|322/322
|
|upkeep
|turn|3
|
|t:|1685500993
|move|p1a: Landorus|Rock Slide|p2a: Reuniclus
|-damage|p2a: Reuniclus|219/322
|move|p2a: Reuniclus|Calm Mind|p2a: Reuniclus
|-boost|p2a: Reuniclus|spa|1
|-boost|p2a: Reuniclus|spd|1
|
|upkeep
|turn|4
|
|t:|1685500995
|move|p1a: Landorus|Rock Slide|p2a: Reuniclus
|-damage|p2a: Reuniclus|109/322
|move|p2a: Reuniclus|Recover|p2a: Reuniclus
|-heal|p2a: Reuniclus|270/322
|
|upkeep
|turn|5
|
|t:|1685500998
|move|p1a: Landorus|Rock Slide|p2a: Reuniclus
|-crit|p2a: Reuniclus
|-damage|p2a: Reuniclus|105/322
|move|p2a: Reuniclus|Calm Mind|p2a: Reuniclus
|-boost|p2a: Reuniclus|spa|1
|-boost|p2a: Reuniclus|spd|1
|
|upkeep
|turn|6
|
|t:|1685501002
|move|p1a: Landorus|Rock Slide|p2a: Reuniclus
|-damage|p2a: Reuniclus|10/322
|move|p2a: Reuniclus|Recover|p2a: Reuniclus
|-heal|p2a: Reuniclus|171/322
|
|upkeep
|turn|7
|
|t:|1685501004
|move|p1a: Landorus|Rock Slide|p2a: Reuniclus
|-damage|p2a: Reuniclus|71/322
|move|p2a: Reuniclus|Recover|p2a: Reuniclus
|-heal|p2a: Reuniclus|232/322
|
|upkeep
|turn|8
|
|t:|1685501006
|move|p1a: Landorus|Rock Slide|p2a: Reuniclus
|-damage|p2a: Reuniclus|131/322
|move|p2a: Reuniclus|Recover|p2a: Reuniclus
|-heal|p2a: Reuniclus|292/322
|
|upkeep
|turn|9
|
|t:|1685501009
|move|p1a: Landorus|Rock Slide|p2a: Reuniclus
|-damage|p2a: Reuniclus|182/322
|move|p2a: Reuniclus|Calm Mind|p2a: Reuniclus
|-boost|p2a: Reuniclus|spa|1
|-boost|p2a: Reuniclus|spd|1
|
|upkeep
|turn|10
|
|t:|1685501011
|move|p1a: Landorus|Rock Slide|p2a: Reuniclus
|-damage|p2a: Reuniclus|75/322
|move|p2a: Reuniclus|Recover|p2a: Reuniclus
|-heal|p2a: Reuniclus|236/322
|
|upkeep
|turn|11
|
|t:|1685501014
|move|p1a: Landorus|Rock Slide|p2a: Reuniclus
|-damage|p2a: Reuniclus|137/322
|move|p2a: Reuniclus|Recover|p2a: Reuniclus
|-heal|p2a: Reuniclus|298/322
|
|upkeep
|turn|12
|inactive|533mm has 10 seconds left.
|inactive|533mm has 5 seconds left.
|
|t:|1685501024
|move|p1a: Landorus|Rock Slide|p2a: Reuniclus
|-damage|p2a: Reuniclus|190/322
|move|p2a: Reuniclus|Calm Mind|p2a: Reuniclus
|-boost|p2a: Reuniclus|spa|1
|-boost|p2a: Reuniclus|spd|1
|
|upkeep
|turn|13
|inactive|533mm has 10 seconds left this turn.
|
|t:|1685501027
|switch|p1a: Tyranitar|Tyranitar, L78, F|284/284
|-weather|Sandstorm|[from] ability: Sand Stream|[of] p1a: Tyranitar
|move|p2a: Reuniclus|Recover|p2a: Reuniclus
|-heal|p2a: Reuniclus|322/322
|
|-weather|Sandstorm|[upkeep]
|upkeep
|turn|14
|inactive|vaporeonishocsa has 10 seconds left.
|
|t:|1685501033
|move|p1a: Tyranitar|Crunch|p2a: Reuniclus
|-supereffective|p2a: Reuniclus
|-damage|p2a: Reuniclus|98/322
|move|p2a: Reuniclus|Focus Blast|p1a: Tyranitar
|-supereffective|p1a: Tyranitar
|-damage|p1a: Tyranitar|0 fnt
|faint|p1a: Tyranitar
|
|-weather|Sandstorm|[upkeep]
|upkeep
|inactive|533mm has 10 seconds left.
|
|t:|1685501040
|switch|p1a: Landorus|Landorus, L76, M|260/260
|turn|15
|inactive|vaporeonishocsa has 10 seconds left.
|
|t:|1685501045
|-start|p2a: Reuniclus|Dynamax|
|-heal|p2a: Reuniclus|196/644|[silent]
|move|p1a: Landorus|Rock Slide|p2a: Reuniclus
|-damage|p2a: Reuniclus|89/644
|move|p2a: Reuniclus|Max Mindstorm|p1a: Landorus
|-crit|p1a: Landorus
|-damage|p1a: Landorus|0 fnt
|-fieldstart|move: Psychic Terrain
|faint|p1a: Landorus
|
|-weather|Sandstorm|[upkeep]
|upkeep
|inactive|533mm has 10 seconds left.
|
|t:|1685501051
|switch|p1a: Victini|Victini, L78|283/283
|turn|16
|
|t:|1685501054
|move|p1a: Victini|U-turn|p2a: Reuniclus
|-supereffective|p2a: Reuniclus
|-damage|p2a: Reuniclus|0 fnt
|faint|p2a: Reuniclus
|
|t:|1685501056
|switch|p1a: Azelf|Azelf, L82|257/257|[from] U-turn
|
|-weather|Sandstorm|[upkeep]
|-damage|p1a: Azelf|241/257|[from] Sandstorm
|upkeep
|
|t:|1685501059
|switch|p2a: Dragapult|Dragapult, L78, F|265/265
|-damage|p2a: Dragapult|232/265|[from] Stealth Rock
|turn|17
|
|t:|1685501063
|switch|p1a: Morpeko|Morpeko, L86, M|240/240
|move|p2a: Dragapult|Shadow Ball|p1a: Morpeko
|-resisted|p1a: Morpeko
|-damage|p1a: Morpeko|165/240
|
|-weather|none
|-heal|p1a: Morpeko|180/240|[from] item: Leftovers
|-formechange|p1a: Morpeko|Morpeko-Hangry||[from] ability: Hunger Switch
|upkeep
|turn|18
|inactive|533mm has 10 seconds left.
|inactive|vaporeonishocsa has 10 seconds left.
|
|t:|1685501071
|switch|p2a: Sawk|Sawk, L86, M|269/269
|-damage|p2a: Sawk|253/269|[from] Stealth Rock
|-ability|p2a: Sawk|Mold Breaker
|move|p1a: Morpeko|Rapid Spin|p2a: Sawk
|-damage|p2a: Sawk|212/269
|-boost|p1a: Morpeko|spe|1
|
|-heal|p1a: Morpeko|195/240|[from] item: Leftovers
|-formechange|p1a: Morpeko|Morpeko||[from] ability: Hunger Switch
|upkeep
|turn|19
|inactive|533mm has 10 seconds left.
|inactive|vaporeonishocsa has 10 seconds left.
|
|t:|1685501081
|move|p1a: Morpeko|Protect|p1a: Morpeko
|-singleturn|p1a: Morpeko|Protect
|move|p2a: Sawk|Close Combat|p1a: Morpeko
|-activate|p1a: Morpeko|move: Protect
|
|-heal|p1a: Morpeko|210/240|[from] item: Leftovers
|-fieldend|move: Psychic Terrain
|-formechange|p1a: Morpeko|Morpeko-Hangry||[from] ability: Hunger Switch
|upkeep
|turn|20
|inactive|vaporeonishocsa has 10 seconds left.
|
|t:|1685501087
|switch|p1a: Gourgeist|Gourgeist-Small, L84, M|230/230
|-item|p2a: Sawk|Life Orb|[from] ability: Frisk|[of] p1a: Gourgeist|[identify]
|move|p2a: Sawk|Knock Off|p1a: Gourgeist
|-supereffective|p1a: Gourgeist
|-damage|p1a: Gourgeist|58/230
|-enditem|p1a: Gourgeist|Leftovers|[from] move: Knock Off|[of] p2a: Sawk
|-damage|p2a: Sawk|186/269|[from] item: Life Orb
|
|upkeep
|turn|21
|inactive|533mm has 10 seconds left.
|
|t:|1685501093
|move|p1a: Gourgeist|Poltergeist|p2a: Sawk
|-activate|p2a: Sawk|move: Poltergeist|Life Orb
|-damage|p2a: Sawk|75/269
|move|p2a: Sawk|Knock Off|p1a: Gourgeist
|-supereffective|p1a: Gourgeist
|-damage|p1a: Gourgeist|0 fnt
|faint|p1a: Gourgeist
|-damage|p2a: Sawk|49/269|[from] item: Life Orb
|
|upkeep
|
|t:|1685501097
|switch|p1a: Morpeko|Morpeko, L86, M|210/240
|turn|22
|
|t:|1685501099
|move|p1a: Morpeko|Aura Wheel|p2a: Sawk
|-damage|p2a: Sawk|0 fnt
|-boost|p1a: Morpeko|spe|1
|faint|p2a: Sawk
|
|-heal|p1a: Morpeko|225/240|[from] item: Leftovers
|-formechange|p1a: Morpeko|Morpeko-Hangry||[from] ability: Hunger Switch
|upkeep
|inactive|vaporeonishocsa has 10 seconds left.
|
|t:|1685501109
|switch|p2a: Kommo-o|Kommo-o, L80, F|251/251
|-damage|p2a: Kommo-o|236/251|[from] Stealth Rock
|turn|23
|inactive|533mm has 10 seconds left.
|
|t:|1685501114
|switch|p1a: Victini|Victini, L78|283/283
|move|p2a: Kommo-o|Close Combat|p1a: Victini
|-resisted|p1a: Victini
|-damage|p1a: Victini|215/283
|-unboost|p2a: Kommo-o|def|1
|-unboost|p2a: Kommo-o|spd|1
|
|-heal|p2a: Kommo-o|251/251|[from] item: Leftovers
|upkeep
|turn|24
|
|t:|1685501119
|switch|p2a: Palossand|Palossand, L86, M|286/286
|-damage|p2a: Palossand|269/286|[from] Stealth Rock
|move|p1a: Victini|Glaciate|p2a: Palossand
|-supereffective|p2a: Palossand
|-damage|p2a: Palossand|171/286
|-unboost|p2a: Palossand|spe|1
|
|-heal|p2a: Palossand|188/286|[from] item: Leftovers
|upkeep
|turn|25
|inactive|533mm has 10 seconds left.
|inactive|vaporeonishocsa has 10 seconds left.
|
|t:|1685501126
|move|p1a: Victini|Energy Ball|p2a: Palossand
|-supereffective|p2a: Palossand
|-damage|p2a: Palossand|60/286
|move|p2a: Palossand|Shore Up|p2a: Palossand
|-heal|p2a: Palossand|203/286
|
|-heal|p2a: Palossand|220/286|[from] item: Leftovers
|upkeep
|turn|26
|inactive|533mm has 10 seconds left.
|
|t:|1685501135
|-start|p1a: Victini|Dynamax|
|-heal|p1a: Victini|430/566|[silent]
|move|p1a: Victini|Max Overgrowth|p2a: Palossand
|-supereffective|p2a: Palossand
|-damage|p2a: Palossand|40/286
|-fieldstart|move: Grassy Terrain
|move|p2a: Palossand|Shore Up|p2a: Palossand
|-heal|p2a: Palossand|183/286
|
|-heal|p1a: Victini|447/566|[from] Grassy Terrain
|-heal|p2a: Palossand|200/286|[from] Grassy Terrain
|-heal|p2a: Palossand|217/286|[from] item: Leftovers
|upkeep
|turn|27
|inactive|533mm has 10 seconds left.
|inactive|vaporeonishocsa has 10 seconds left.
|
|t:|1685501143
|switch|p2a: Delibird|Delibird, F|252/252
|move|p1a: Victini|Max Overgrowth|p2a: Delibird
|-resisted|p2a: Delibird
|-damage|p2a: Delibird|185/252
|
|-heal|p1a: Victini|464/566|[from] Grassy Terrain
|upkeep
|turn|28
|inactive|533mm has 10 seconds left.
|inactive|vaporeonishocsa has 10 seconds left.
|
|t:|1685501151
|move|p2a: Delibird|Rapid Spin|p1a: Victini
|-damage|p1a: Victini|431/566
|-boost|p2a: Delibird|spe|1
|-sideend|p2: vaporeonishocsa|Stealth Rock|[from] move: Rapid Spin|[of] p2a: Delibird
|move|p1a: Victini|Max Flare|p2a: Delibird
|-supereffective|p2a: Delibird
|-damage|p2a: Delibird|0 fnt
|-weather|SunnyDay
|faint|p2a: Delibird
|
|-weather|SunnyDay|[upkeep]
|-heal|p1a: Victini|448/566|[from] Grassy Terrain
|upkeep
|inactive|vaporeonishocsa has 10 seconds left.
|
|t:|1685501159
|switch|p2a: Dragapult|Dragapult, L78, F|232/265
|-end|p1a: Victini|Dynamax
|-heal|p1a: Victini|224/283|[silent]
|turn|29
|
|t:|1685501164
|move|p2a: Dragapult|U-turn|p1a: Victini
|-damage|p1a: Victini|173/283
|
|t:|1685501166
|switch|p2a: Palossand|Palossand, L86, M|217/286|[from] U-turn
|move|p1a: Victini|Glaciate|p2a: Palossand
|-supereffective|p2a: Palossand
|-damage|p2a: Palossand|125/286
|-unboost|p2a: Palossand|spe|1
|
|-weather|SunnyDay|[upkeep]
|-heal|p1a: Victini|190/283|[from] Grassy Terrain
|-heal|p2a: Palossand|142/286|[from] Grassy Terrain
|-heal|p2a: Palossand|159/286|[from] item: Leftovers
|upkeep
|turn|30
|inactive|533mm has 10 seconds left.
|
|t:|1685501172
|move|p1a: Victini|Energy Ball|p2a: Palossand
|-supereffective|p2a: Palossand
|-damage|p2a: Palossand|0 fnt
|faint|p2a: Palossand
|
|-weather|SunnyDay|[upkeep]
|-heal|p1a: Victini|207/283|[from] Grassy Terrain
|-fieldend|move: Grassy Terrain
|upkeep
|inactive|vaporeonishocsa has 10 seconds left.
|
|t:|1685501179
|switch|p2a: Dragapult|Dragapult, L78, F|232/265
|turn|31
|
|t:|1685501182
|switch|p1a: Morpeko|Morpeko, L86, M|225/240
|move|p2a: Dragapult|Shadow Ball|p1a: Morpeko
|-resisted|p1a: Morpeko
|-damage|p1a: Morpeko|147/240
|
|-weather|SunnyDay|[upkeep]
|-heal|p1a: Morpeko|162/240|[from] item: Leftovers
|-formechange|p1a: Morpeko|Morpeko-Hangry||[from] ability: Hunger Switch
|upkeep
|turn|32
|inactive|533mm has 10 seconds left.
|
|t:|1685501187
|switch|p2a: Kommo-o|Kommo-o, L80, F|251/251
|switch|p1a: Azelf|Azelf, L82|241/257
|
|-weather|none
|upkeep
|turn|33
|
|t:|1685501191
|move|p1a: Azelf|Dazzling Gleam|p2a: Kommo-o
|-supereffective|p2a: Kommo-o
|-damage|p2a: Kommo-o|0 fnt
|faint|p2a: Kommo-o
|-damage|p1a: Azelf|216/257|[from] item: Life Orb
|
|upkeep
|
|t:|1685501194
|switch|p2a: Dragapult|Dragapult, L78, F|232/265
|turn|34
|inactive|vaporeonishocsa has 10 seconds left.
|
|t:|1685501199
|move|p2a: Dragapult|U-turn|p1a: Azelf
|-supereffective|p1a: Azelf
|-damage|p1a: Azelf|102/257
|move|p1a: Azelf|Dazzling Gleam|p2a: Dragapult
|-supereffective|p2a: Dragapult
|-damage|p2a: Dragapult|40/265
|-damage|p1a: Azelf|77/257|[from] item: Life Orb
|
|upkeep
|turn|35
|inactive|533mm has 10 seconds left.
|
|t:|1685501205
|move|p2a: Dragapult|U-turn|p1a: Azelf
|-supereffective|p1a: Azelf
|-damage|p1a: Azelf|0 fnt
|faint|p1a: Azelf
|
|upkeep
|
|t:|1685501209
|switch|p1a: Morpeko|Morpeko, L86, M|162/240
|turn|36
|
|t:|1685501212
|move|p1a: Morpeko|Protect|p1a: Morpeko
|-singleturn|p1a: Morpeko|Protect
|move|p2a: Dragapult|U-turn|p1a: Morpeko
|-activate|p1a: Morpeko|move: Protect
|
|-heal|p1a: Morpeko|177/240|[from] item: Leftovers
|-formechange|p1a: Morpeko|Morpeko-Hangry||[from] ability: Hunger Switch
|upkeep
|turn|37
|
|t:|1685501216
|move|p2a: Dragapult|U-turn|p1a: Morpeko
|-supereffective|p1a: Morpeko
|-damage|p1a: Morpeko|53/240
|move|p1a: Morpeko|Aura Wheel|p2a: Dragapult
|-supereffective|p2a: Dragapult
|-damage|p2a: Dragapult|0 fnt
|-boost|p1a: Morpeko|spe|1
|faint|p2a: Dragapult
|
|win|533mm
|n|☆533mm|533mm
|n|☆vaporeonishocsa|vaporeonishocsa
