|j|☆mopthemen
|j|☆flyingworkshop
|t:|1685141089
|gametype|singles
|player|p1|mopthemen|steven|1118
|player|p2|flyingworkshop|169|1000
|teamsize|p1|6
|teamsize|p2|6
|gen|8
|tier|[Gen 8] Random Battle
|rated|
|rule|Species Clause: Limit one of each Pokémon
|rule|HP Percentage Mod: HP is shown in percentages
|rule|Sleep Clause Mod: Limit one foe put to sleep
|
|t:|1685141089
|start
|switch|p1a: Kyurem|Kyurem-White, L74|307/307
|switch|p2a: Suicune|Suicune, L80|291/291
|-ability|p1a: Kyurem|Turboblaze
|-ability|p2a: Suicune|Pressure
|turn|1
|inactive|Battle timer is ON: inactive players will automatically lose when time's up. (requested by mopthemen)
|inactive|flyingworkshop has 120 seconds left.
|inactive|flyingworkshop has 90 seconds left.
|
|t:|1685141160
|switch|p2a: Azumarill|Azumarill, L84, F|305/305
|move|p1a: Kyurem|Freeze-Dry|p2a: Azumarill
|-supereffective|p2a: Azumarill
|-damage|p2a: Azumarill|101/305
|
|upkeep
|turn|2
|
|t:|1685141170
|switch|p2a: Weavile|Weavile, L79, F|240/240
|move|p1a: Kyurem|Freeze-Dry|p2a: Weavile
|-resisted|p2a: Weavile
|-crit|p2a: Weavile
|-damage|p2a: Weavile|164/240
|
|upkeep
|turn|3
|
|t:|1685141180
|move|p2a: Weavile|Knock Off|p1a: Kyurem
|-damage|p1a: Kyurem|196/307
|-enditem|p1a: Kyurem|Heavy-Duty Boots|[from] move: Knock Off|[of] p2a: Weavile
|move|p1a: Kyurem|Draco Meteor|p2a: Weavile
|-damage|p2a: Weavile|0 fnt
|-unboost|p1a: Kyurem|spa|2
|faint|p2a: Weavile
|
|upkeep
|
|t:|1685141199
|switch|p2a: Eternatus|Eternatus, L69|308/308
|-ability|p2a: Eternatus|Pressure
|turn|4
|
|t:|1685141217
|move|p2a: Eternatus|Dynamax Cannon|p1a: Kyurem
|-supereffective|p1a: Kyurem
|-damage|p1a: Kyurem|0 fnt
|faint|p1a: Kyurem
|
|upkeep
|
|t:|1685141231
|switch|p1a: Frosmoth|Frosmoth, L82, F|249/249
|turn|5
|
|t:|1685141240
|move|p2a: Eternatus|Flamethrower|p1a: Frosmoth
|-supereffective|p1a: Frosmoth
|-damage|p1a: Frosmoth|119/249
|-status|p1a: Frosmoth|brn
|move|p1a: Frosmoth|Quiver Dance|p1a: Frosmoth
|-boost|p1a: Frosmoth|spa|1
|-boost|p1a: Frosmoth|spd|1
|-boost|p1a: Frosmoth|spe|1
|
|-damage|p1a: Frosmoth|104/249 brn|[from] brn
|upkeep
|turn|6
|
|t:|1685141253
|move|p1a: Frosmoth|Ice Beam|p2a: Eternatus
|-supereffective|p2a: Eternatus
|-damage|p2a: Eternatus|0 fnt
|faint|p2a: Eternatus
|
|-damage|p1a: Frosmoth|89/249 brn|[from] brn
|upkeep
|
|t:|1685141257
|switch|p2a: Azumarill|Azumarill, L84, F|101/305
|turn|7
|
|t:|1685141268
|move|p2a: Azumarill|Aqua Jet|p1a: Frosmoth
|-damage|p1a: Frosmoth|0 fnt
|faint|p1a: Frosmoth
|
|upkeep
|
|t:|1685141278
|switch|p1a: Vileplume|Vileplume, L84, F|263/263
|turn|8
|
|t:|1685141304
|switch|p2a: Suicune|Suicune, L80|291/291
|-ability|p2a: Suicune|Pressure
|move|p1a: Vileplume|Sleep Powder|p2a: Suicune|[miss]
|-miss|p1a: Vileplume|p2a: Suicune
|
|upkeep
|turn|9
|
|t:|1685141317
|move|p2a: Suicune|Calm Mind|p2a: Suicune
|-boost|p2a: Suicune|spa|1
|-boost|p2a: Suicune|spd|1
|move|p1a: Vileplume|Strength Sap|p2a: Suicune
|-unboost|p2a: Suicune|atk|1
|
|upkeep
|turn|10
|
|t:|1685141323
|move|p2a: Suicune|Calm Mind|p2a: Suicune
|-boost|p2a: Suicune|spa|1
|-boost|p2a: Suicune|spd|1
|move|p1a: Vileplume|Sludge Bomb|p2a: Suicune
|-damage|p2a: Suicune|243/291
|-status|p2a: Suicune|psn
|
|-heal|p2a: Suicune|261/291 psn|[from] item: Leftovers
|-damage|p2a: Suicune|225/291 psn|[from] psn
|upkeep
|turn|11
|
|t:|1685141348
|move|p2a: Suicune|Calm Mind|p2a: Suicune
|-boost|p2a: Suicune|spa|1
|-boost|p2a: Suicune|spd|1
|move|p1a: Vileplume|Strength Sap|p2a: Suicune
|-unboost|p2a: Suicune|atk|1
|
|-heal|p2a: Suicune|243/291 psn|[from] item: Leftovers
|-damage|p2a: Suicune|207/291 psn|[from] psn
|upkeep
|turn|12
|
|t:|1685141368
|move|p2a: Suicune|Calm Mind|p2a: Suicune
|-boost|p2a: Suicune|spa|1
|-boost|p2a: Suicune|spd|1
|move|p1a: Vileplume|Sludge Bomb|p2a: Suicune
|-damage|p2a: Suicune|176/291 psn
|
|-heal|p2a: Suicune|194/291 psn|[from] item: Leftovers
|-damage|p2a: Suicune|158/291 psn|[from] psn
|upkeep
|turn|13
|inactive|mopthemen has 120 seconds left.
|
|t:|1685141385
|move|p2a: Suicune|Calm Mind|p2a: Suicune
|-boost|p2a: Suicune|spa|1
|-boost|p2a: Suicune|spd|1
|move|p1a: Vileplume|Sludge Bomb|p2a: Suicune
|-damage|p2a: Suicune|130/291 psn
|
|-heal|p2a: Suicune|148/291 psn|[from] item: Leftovers
|-damage|p2a: Suicune|112/291 psn|[from] psn
|upkeep
|turn|14
|inactive|mopthemen has 120 seconds left.
|inactive|flyingworkshop has 120 seconds left.
|
|t:|1685141422
|move|p2a: Suicune|Rest|p2a: Suicune
|-status|p2a: Suicune|slp|[from] move: Rest
|-heal|p2a: Suicune|291/291 slp|[silent]
|move|p1a: Vileplume|Sludge Bomb|p2a: Suicune
|-damage|p2a: Suicune|264/291 slp
|
|-heal|p2a: Suicune|282/291 slp|[from] item: Leftovers
|upkeep
|turn|15
|inactive|flyingworkshop has 120 seconds left.
|inactive|mopthemen has 120 seconds left.
|
|t:|1685141449
|switch|p1a: Braviary|Braviary, L82, M|298/298
|cant|p2a: Suicune|slp
|move|p2a: Suicune|Sleep Talk|p2a: Suicune
|move|p2a: Suicune|Calm Mind|p2a: Suicune|[from]move: Sleep Talk
|-boost|p2a: Suicune|spa|1
|-boost|p2a: Suicune|spd|1
|
|-heal|p2a: Suicune|291/291 slp|[from] item: Leftovers
|upkeep
|turn|16
|
|t:|1685141464
|cant|p2a: Suicune|slp
|move|p2a: Suicune|Sleep Talk|p2a: Suicune
|move|p2a: Suicune|Calm Mind|p2a: Suicune|[from]move: Sleep Talk
|-boost|p2a: Suicune|spa|0
|-boost|p2a: Suicune|spd|0
|move|p1a: Braviary|Brave Bird|p2a: Suicune
|-damage|p2a: Suicune|164/291 slp
|-damage|p1a: Braviary|256/298|[from] Recoil
|
|-heal|p2a: Suicune|182/291 slp|[from] item: Leftovers
|upkeep
|turn|17
|
|t:|1685141479
|-curestatus|p2a: Suicune|slp|[msg]
|move|p2a: Suicune|Scald|p1a: Braviary
|-damage|p1a: Braviary|0 fnt
|faint|p1a: Braviary
|
|-heal|p2a: Suicune|200/291|[from] item: Leftovers
|upkeep
|
|t:|1685141490
|switch|p1a: Umbreon|Umbreon, L82, M|290/290
|turn|18
|
|t:|1685141500
|move|p2a: Suicune|Scald|p1a: Umbreon
|-crit|p1a: Umbreon
|-damage|p1a: Umbreon|0 fnt
|faint|p1a: Umbreon
|
|-heal|p2a: Suicune|218/291|[from] item: Leftovers
|upkeep
|
|t:|1685141508
|switch|p1a: Vileplume|Vileplume, L84, F|263/263
|turn|19
|
|t:|1685141525
|-start|p2a: Suicune|Dynamax|
|-heal|p2a: Suicune|436/582|[silent]
|move|p2a: Suicune|Max Geyser|p1a: Vileplume
|-resisted|p1a: Vileplume
|-damage|p1a: Vileplume|38/263
|-weather|RainDance
|move|p1a: Vileplume|Sleep Powder|p2a: Suicune
|-status|p2a: Suicune|slp|[from] move: Sleep Powder
|
|-weather|RainDance|[upkeep]
|-heal|p2a: Suicune|454/582 slp|[from] item: Leftovers
|-heal|p1a: Vileplume|54/263|[from] item: Black Sludge
|upkeep
|turn|20
|inactive|mopthemen has 90 seconds left.
|
|t:|1685141546
|cant|p2a: Suicune|slp
|move|p1a: Vileplume|Strength Sap|p2a: Suicune
|-unboost|p2a: Suicune|atk|1
|-heal|p1a: Vileplume|116/263
|
|-weather|RainDance|[upkeep]
|-heal|p2a: Suicune|472/582 slp|[from] item: Leftovers
|-heal|p1a: Vileplume|132/263|[from] item: Black Sludge
|upkeep
|turn|21
|inactive|mopthemen has 90 seconds left.
|
|t:|1685141559
|cant|p2a: Suicune|slp
|move|p1a: Vileplume|Strength Sap|p2a: Suicune
|-unboost|p2a: Suicune|atk|1
|-heal|p1a: Vileplume|182/263
|
|-weather|RainDance|[upkeep]
|-heal|p2a: Suicune|490/582 slp|[from] item: Leftovers
|-heal|p1a: Vileplume|198/263|[from] item: Black Sludge
|upkeep
|-end|p2a: Suicune|Dynamax
|-heal|p2a: Suicune|245/291 slp|[silent]
|turn|22
|inactive|mopthemen has 90 seconds left.
|
|t:|1685141574
|cant|p2a: Suicune|slp
|move|p1a: Vileplume|Strength Sap|p2a: Suicune
|-unboost|p2a: Suicune|atk|1
|-heal|p1a: Vileplume|239/263
|
|-weather|RainDance|[upkeep]
|-heal|p2a: Suicune|263/291 slp|[from] item: Leftovers
|-heal|p1a: Vileplume|255/263|[from] item: Black Sludge
|upkeep
|turn|23
|inactive|mopthemen has 90 seconds left.
|
|t:|1685141599
|-curestatus|p2a: Suicune|slp|[msg]
|move|p2a: Suicune|Scald|p1a: Vileplume
|-resisted|p1a: Vileplume
|-damage|p1a: Vileplume|30/263
|move|p1a: Vileplume|Sludge Bomb|p2a: Suicune
|-damage|p2a: Suicune|239/291
|
|-weather|none
|-heal|p2a: Suicune|257/291|[from] item: Leftovers
|-heal|p1a: Vileplume|46/263|[from] item: Black Sludge
|upkeep
|turn|24
|
|t:|1685141613
|move|p2a: Suicune|Scald|p1a: Vileplume
|-resisted|p1a: Vileplume
|-damage|p1a: Vileplume|0 fnt
|faint|p1a: Vileplume
|
|-heal|p2a: Suicune|275/291|[from] item: Leftovers
|upkeep
|
|t:|1685141623
|switch|p1a: Mew|Mew, L80|291/291
|turn|25
|
|t:|1685141637
|move|p1a: Mew|Swords Dance|p1a: Mew
|-boost|p1a: Mew|atk|2
|move|p2a: Suicune|Scald|p1a: Mew
|-damage|p1a: Mew|0 fnt
|faint|p1a: Mew
|
|win|flyingworkshop
|raw|mopthemen's rating: 1118 &rarr; <strong>1085</strong><br />(-33 for losing)
|raw|flyingworkshop's rating: 1000 &rarr; <strong>1053</strong><br />(+53 for winning)
|l|☆mopthemen
