{"id": "gen8randombattle-1874563622", "p1": "cupcake26", "p2": "Tigerking2002", "format": "[Gen 8] Random Battle", "log": "|j|\u2606cupcake26\n|j|\u203dTigerking2002\n|t:|1685511042\n|gametype|singles\n|player|p1|cupcake26|maylene|1508\n|player|p2|Tigerking2002|2|1464\n|teamsize|p1|6\n|teamsize|p2|6\n|gen|8\n|tier|[Gen 8] Random Battle\n|rated|\n|rule|Species Clause: Limit one of each Pok\u00e9mon\n|rule|HP Percentage Mod: HP is shown in percentages\n|rule|Sleep Clause Mod: Limit one foe put to sleep\n|\n|t:|1685511042\n|start\n|switch|p1a: Porygon-Z|Porygon-Z, L80|267/267\n|switch|p2a: Chandelure|Chandelure, L82, M|233/233\n|-ability|p1a: Porygon-Z|Download|boost\n|-boost|p1a: Porygon-Z|spa|1\n|turn|1\n|\n|t:|1685511051\n|move|p1a: Porygon-Z|Dark Pulse|p2a: Chandelure\n|-supereffective|p2a: Chandelure\n|-damage|p2a: Chandelure|0 fnt\n|faint|p2a: Chandelure\n|-damage|p1a: Porygon-Z|241/267|[from] item: Life Orb\n|\n|upkeep\n|inactive|Battle timer is ON: inactive players will automatically lose when time's up. (requested by Tigerking2002)\n|\n|t:|1685511060\n|switch|p2a: Lopunny|Lopunny, L90, M|263/263\n|turn|2\n|\n|t:|1685511079\n|switch|p1a: Tapu Lele|Tapu Lele, L79|240/240\n|-fieldstart|move: Psychic Terrain|[from] ability: Psychic Surge|[of] p1a: Tapu Lele\n|move|p2a: Lopunny|Close Combat|p1a: Tapu Lele\n|-resisted|p1a: Tapu Lele\n|-damage|p1a: Tapu Lele|216/240\n|-unboost|p2a: Lopunny|def|1\n|-unboost|p2a: Lopunny|spd|1\n|\n|-status|p2a: Lopunny|tox|[from] item: Toxic Orb\n|upkeep\n|turn|3\n|\n|t:|1685511095\n|move|p2a: Lopunny|Facade|p1a: Tapu Lele\n|-damage|p1a: Tapu Lele|36/240\n|move|p1a: Tapu Lele|Psyshock|p2a: Lopunny\n|-damage|p2a: Lopunny|33/263 tox\n|-damage|p1a: Tapu Lele|12/240|[from] item: Life Orb\n|\n|-damage|p2a: Lopunny|17/263 tox|[from] psn\n|upkeep\n|turn|4\n|\n|t:|1685511104\n|switch|p1a: Luxray|Luxray, L84, M|272/272\n|move|p2a: Lopunny|Facade|p1a: Luxray\n|-damage|p1a: Luxray|127/272\n|\n|-damage|p2a: Lopunny|0 fnt|[from] psn\n|faint|p2a: Lopunny\n|-status|p1a: Luxray|brn|[from] item: Flame Orb\n|upkeep\n|\n|t:|1685511116\n|switch|p2a: Rillaboom|Rillaboom, L78, M|284/284\n|-fieldstart|move: Grassy Terrain|[from] ability: Grassy Surge|[of] p2a: Rillaboom\n|turn|5\n|\n|t:|1685511125\n|move|p2a: Rillaboom|High Horsepower|p1a: Luxray\n|-supereffective|p1a: Luxray\n|-damage|p1a: Luxray|0 fnt\n|faint|p1a: Luxray\n|-damage|p2a: Rillaboom|256/284|[from] item: Life Orb\n|\n|-heal|p2a: Rillaboom|273/284|[from] Grassy Terrain\n|upkeep\n|\n|t:|1685511128\n|switch|p1a: Delibird|Delibird, F|252/252\n|turn|6\n|\n|t:|1685511136\n|switch|p2a: Stonjourner|Stonjourner, L88, M|319/319\n|move|p1a: Delibird|Freeze-Dry|p2a: Stonjourner\n|-damage|p2a: Stonjourner|135/319\n|\n|-heal|p2a: Stonjourner|154/319|[from] Grassy Terrain\n|upkeep\n|turn|7\n|\n|t:|1685511144\n|move|p1a: Delibird|Freeze-Dry|p2a: Stonjourner\n|-damage|p2a: Stonjourner|0 fnt\n|faint|p2a: Stonjourner\n|\n|upkeep\n|\n|t:|1685511148\n|switch|p2a: Ho-Oh|Ho-Oh, L72|272/272\n|turn|8\n|\n|t:|1685511160\n|switch|p1a: Whiscash|Whiscash, L86, F|329/329\n|move|p2a: Ho-Oh|Toxic|p1a: Whiscash\n|-status|p1a: Whiscash|tox\n|\n|-damage|p1a: Whiscash|309/329 tox|[from] psn\n|upkeep\n|turn|9\n|\n|t:|1685511169\n|switch|p2a: Rillaboom|Rillaboom, L78, M|273/284\n|switch|p1a: Porygon-Z|Porygon-Z, L80|241/267\n|-ability|p1a: Porygon-Z|Download|boost\n|-boost|p1a: Porygon-Z|spa|1\n|\n|-heal|p1a: Porygon-Z|257/267|[from] Grassy Terrain\n|-heal|p2a: Rillaboom|284/284|[from] Grassy Terrain\n|-fieldend|move: Grassy Terrain\n|upkeep\n|turn|10\n|\n|t:|1685511184\n|move|p1a: Porygon-Z|Tri Attack|p2a: Rillaboom\n|-damage|p2a: Rillaboom|11/284\n|-damage|p1a: Porygon-Z|231/267|[from] item: Life Orb\n|move|p2a: Rillaboom|Knock Off|p1a: Porygon-Z\n|-damage|p1a: Porygon-Z|102/267\n|-enditem|p1a: Porygon-Z|Life Orb|[from] move: Knock Off|[of] p2a: Rillaboom\n|-damage|p2a: Rillaboom|0 fnt|[from] item: Life Orb\n|faint|p2a: Rillaboom\n|\n|upkeep\n|\n|t:|1685511194\n|switch|p2a: Ho-Oh|Ho-Oh, L72|272/272\n|turn|11\n|inactive|cupcake26 has 120 seconds left.\n|\n|t:|1685511226\n|switch|p1a: Whiscash|Whiscash, L86, F|309/329 tox\n|move|p2a: Ho-Oh|Brave Bird|p1a: Whiscash\n|-damage|p1a: Whiscash|173/329 tox\n|-damage|p2a: Ho-Oh|227/272|[from] Recoil\n|\n|-damage|p1a: Whiscash|153/329 tox|[from] psn\n|upkeep\n|turn|12\n|\n|t:|1685511234\n|move|p2a: Ho-Oh|Brave Bird|p1a: Whiscash\n|-damage|p1a: Whiscash|24/329 tox\n|-damage|p2a: Ho-Oh|184/272|[from] Recoil\n|move|p1a: Whiscash|Liquidation|p2a: Ho-Oh\n|-supereffective|p2a: Ho-Oh\n|-damage|p2a: Ho-Oh|0 fnt\n|faint|p2a: Ho-Oh\n|\n|-damage|p1a: Whiscash|0 fnt|[from] psn\n|faint|p1a: Whiscash\n|upkeep\n|\n|t:|1685511243\n|switch|p2a: Wailord|Wailord, L90, F|452/452\n|switch|p1a: Delibird|Delibird, F|252/252\n|turn|13\n|\n|t:|1685511251\n|-start|p2a: Wailord|Dynamax|\n|-heal|p2a: Wailord|904/904|[silent]\n|move|p1a: Delibird|Freeze-Dry|p2a: Wailord\n|-supereffective|p2a: Wailord\n|-damage|p2a: Wailord|652/904\n|move|p2a: Wailord|Max Geyser|p1a: Delibird\n|-damage|p1a: Delibird|35/252\n|-weather|RainDance\n|\n|-weather|RainDance|[upkeep]\n|upkeep\n|turn|14\n|\n|t:|1685511262\n|move|p1a: Delibird|Memento|p2a: Wailord\n|-unboost|p2a: Wailord|atk|2\n|-unboost|p2a: Wailord|spa|2\n|faint|p1a: Delibird\n|move|p2a: Wailord|Max Strike|p1: Delibird|[notarget]\n|-fail|p2a: Wailord\n|\n|-weather|RainDance|[upkeep]\n|upkeep\n|\n|t:|1685511267\n|switch|p1a: Porygon-Z|Porygon-Z, L80|102/267\n|-ability|p1a: Porygon-Z|Download|boost\n|-boost|p1a: Porygon-Z|spa|1\n|turn|15\n|\n|t:|1685511273\n|move|p1a: Porygon-Z|Tri Attack|p2a: Wailord\n|-damage|p2a: Wailord|414/904\n|move|p2a: Wailord|Max Geyser|p1a: Porygon-Z\n|-damage|p1a: Porygon-Z|0 fnt\n|faint|p1a: Porygon-Z\n|\n|-weather|RainDance|[upkeep]\n|upkeep\n|\n|t:|1685511277\n|switch|p1a: Tapu Lele|Tapu Lele, L79|12/240\n|-fieldstart|move: Psychic Terrain|[from] ability: Psychic Surge|[of] p1a: Tapu Lele\n|-end|p2a: Wailord|Dynamax\n|-heal|p2a: Wailord|207/452|[silent]\n|turn|16\n|\n|t:|1685511288\n|move|p1a: Tapu Lele|Psyshock|p2a: Wailord\n|-damage|p2a: Wailord|0 fnt\n|faint|p2a: Wailord\n|-damage|p1a: Tapu Lele|0 fnt|[from] item: Life Orb\n|faint|p1a: Tapu Lele\n|\n|win|cupcake26\n|raw|cupcake26's rating: 1508 &rarr; <strong>1525</strong><br />(+17 for winning)\n|raw|Tigerking2002's rating: 1464 &rarr; <strong>1447</strong><br />(-17 for losing)\n", "inputlog": ">version d94486096666f9f03053a01e17a1c7fdbd408dfa\n>start {\"formatid\":\"gen8randombattle\",\"seed\":[1121,58378,24808,60249],\"rated\":\"Rated battle\"}\n>player p1 {\"name\":\"cupcake26\",\"avatar\":\"maylene\",\"rating\":1508,\"seed\":[35328,10241,39504,49082]}\n>player p2 {\"name\":\"Tigerking2002\",\"avatar\":\"2\",\"rating\":1464,\"seed\":[60595,25228,64719,45592]}\n>p1 move darkpulse\n>p2 move fireblast\n>p2 switch 5\n>p1 switch 6\n>p2 move closecombat\n>p1 move psyshock\n>p2 move facade\n>p1 switch 3\n>p2 move facade\n>p2 switch 6\n>p1 move facade\n>p2 move highhorsepower\n>p1 switch 5\n>p1 move freezedry\n>p2 switch 2\n>p1 move freezedry\n>p2 move rockpolish\n>p2 switch 4\n>p1 switch 4\n>p2 move toxic\n>p1 switch 6\n>p2 switch 2\n>p1 move triattack\n>p2 move knockoff\n>p2 switch 2\n>p1 switch 6\n>p2 move bravebird\n>p1 move liquidation\n>p2 move bravebird\n>p1 switch 4\n>p2 switch 3\n>p1 move freezedry\n>p2 move waterspout dynamax\n>p1 move memento\n>p2 move hypervoice dynamax\n>p1 switch 6\n>p1 move triattack\n>p2 move waterspout dynamax\n>p1 switch 3\n>p1 move psyshock\n>p2 move hydropump", "uploadtime": 1685511295, "views": 6, "p1id": "cupcake26", "p2id": "tigerking2002", "formatid": "gen8randombattle", "rating": 1447, "private": 0, "password": ""}