|j|☆lauda Mera
|j|☆murraylef99
|t:|1683838189
|gametype|singles
|player|p1|lauda Mera|hilbert-wonderlauncher|1471
|player|p2|murraylef99|hilbert-wonderlauncher|1314
|teamsize|p1|6
|teamsize|p2|6
|gen|8
|tier|[Gen 8] Random Battle
|rated|
|rule|Species Clause: Limit one of each Pokémon
|rule|HP Percentage Mod: HP is shown in percentages
|rule|Sleep Clause Mod: Limit one foe put to sleep
|
|t:|1683838189
|start
|switch|p1a: Toxicroak|Toxicroak, L84, M|277/277
|switch|p2a: Miltank|Miltank, L84, F|297/297
|turn|1
|inactive|Battle timer is ON: inactive players will automatically lose when time's up. (requested by murraylef99)
|inactive|lauda Mera also wants the timer to be on.
|
|t:|1683838196
|move|p2a: Miltank|Earthquake|p1a: Toxicroak
|-supereffective|p1a: Toxicroak
|-damage|p1a: Toxicroak|111/277
|move|p1a: Toxicroak|Drain Punch|p2a: Miltank
|-supereffective|p2a: Miltank
|-damage|p2a: Miltank|135/297
|-heal|p1a: Toxicroak|192/277|[from] drain|[of] p2a: Miltank
|
|-heal|p2a: Miltank|153/297|[from] item: Leftovers
|-heal|p1a: Toxicroak|209/277|[from] item: Black Sludge
|upkeep
|turn|2
|
|t:|1683838209
|switch|p2a: Gyarados|Gyarados, L76, M|269/269
|move|p1a: Toxicroak|Drain Punch|p2a: Gyarados
|-resisted|p2a: Gyarados
|-crit|p2a: Gyarados
|-damage|p2a: Gyarados|186/269
|-heal|p1a: Toxicroak|251/277|[from] drain|[of] p2a: Gyarados
|
|-heal|p1a: Toxicroak|268/277|[from] item: Black Sludge
|upkeep
|turn|3
|
|t:|1683838228
|move|p1a: Toxicroak|Gunk Shot|p2a: Gyarados|[miss]
|-miss|p1a: Toxicroak|p2a: Gyarados
|move|p2a: Gyarados|Bounce||[still]
|-prepare|p2a: Gyarados|Bounce
|
|-heal|p1a: Toxicroak|277/277|[from] item: Black Sludge
|upkeep
|turn|4
|
|t:|1683838234
|move|p1a: Toxicroak|Substitute|p1a: Toxicroak
|-start|p1a: Toxicroak|Substitute
|-damage|p1a: Toxicroak|208/277
|move|p2a: Gyarados|Bounce|p1a: Toxicroak|[from]lockedmove
|-supereffective|p1a: Toxicroak
|-end|p1a: Toxicroak|Substitute
|
|-heal|p1a: Toxicroak|225/277|[from] item: Black Sludge
|upkeep
|turn|5
|
|t:|1683838249
|switch|p2a: Whiscash|Whiscash, L86, F|329/329
|move|p1a: Toxicroak|Gunk Shot|p2a: Whiscash|[miss]
|-miss|p1a: Toxicroak|p2a: Whiscash
|
|-heal|p1a: Toxicroak|242/277|[from] item: Black Sludge
|upkeep
|turn|6
|
|t:|1683838257
|switch|p1a: Lurantis|Lurantis, L86, M|261/261
|move|p2a: Whiscash|Zen Headbutt|p1a: Lurantis
|-damage|p1a: Lurantis|190/261
|
|upkeep
|turn|7
|
|t:|1683838271
|switch|p2a: Goodra|Goodra, L82, F|282/282
|move|p1a: Lurantis|Superpower|p2a: Goodra
|-damage|p2a: Goodra|121/282
|-boost|p1a: Lurantis|atk|1
|-boost|p1a: Lurantis|def|1
|-damage|p1a: Lurantis|164/261|[from] item: Life Orb
|
|upkeep
|turn|8
|
|t:|1683838279
|switch|p1a: Toxicroak|Toxicroak, L84, M|242/277
|move|p2a: Goodra|Fire Blast|p1a: Toxicroak|[miss]
|-miss|p2a: Goodra|p1a: Toxicroak
|
|-heal|p1a: Toxicroak|259/277|[from] item: Black Sludge
|upkeep
|turn|9
|
|t:|1683838288
|move|p1a: Toxicroak|Substitute|p1a: Toxicroak
|-start|p1a: Toxicroak|Substitute
|-damage|p1a: Toxicroak|190/277
|move|p2a: Goodra|Earthquake|p1a: Toxicroak
|-supereffective|p1a: Toxicroak
|-end|p1a: Toxicroak|Substitute
|
|-heal|p1a: Toxicroak|207/277|[from] item: Black Sludge
|upkeep
|turn|10
|
|t:|1683838297
|move|p1a: Toxicroak|Drain Punch|p2a: Goodra
|-damage|p2a: Goodra|25/282
|-heal|p1a: Toxicroak|255/277|[from] drain|[of] p2a: Goodra
|move|p2a: Goodra|Earthquake|p1a: Toxicroak
|-supereffective|p1a: Toxicroak
|-damage|p1a: Toxicroak|71/277
|
|-heal|p1a: Toxicroak|88/277|[from] item: Black Sludge
|upkeep
|turn|11
|
|t:|1683838316
|move|p1a: Toxicroak|Drain Punch|p2a: Goodra
|-damage|p2a: Goodra|0 fnt
|-heal|p1a: Toxicroak|101/277|[from] drain|[of] p2a: Goodra
|faint|p2a: Goodra
|
|-heal|p1a: Toxicroak|118/277|[from] item: Black Sludge
|upkeep
|
|t:|1683838325
|switch|p2a: Whiscash|Whiscash, L82, F|233/233
|turn|12
|
|t:|1683838341
|switch|p1a: Lurantis|Lurantis, L86, M|164/261
|move|p2a: Whiscash|Nasty Plot|p2a: Whiscash
|-boost|p2a: Whiscash|spa|2
|
|upkeep
|turn|13
|
|t:|1683838352
|move|p2a: Whiscash|Flamethrower|p1a: Lurantis
|-supereffective|p1a: Lurantis
|-damage|p1a: Lurantis|0 fnt
|faint|p1a: Lurantis
|-damage|p2a: Whiscash|210/233|[from] item: Life Orb
|
|upkeep
|
|t:|1683838357
|switch|p1a: Nidoking|Nidoking, L82, M|267/267
|turn|14
|
|t:|1683838376
|move|p2a: Whiscash|Dark Pulse|p1a: Nidoking
|-damage|p1a: Nidoking|1/267
|-damage|p2a: Whiscash|187/233|[from] item: Life Orb
|move|p1a: Nidoking|Earth Power|p2a: Whiscash
|-damage|p2a: Whiscash|10/233
|replace|p2a: Zoroark|Zoroark, L82, F
|-end|p2a: Zoroark|Illusion
|
|upkeep
|turn|15
|
|t:|1683838386
|move|p2a: Zoroark|Flamethrower|p1a: Nidoking
|-damage|p1a: Nidoking|0 fnt
|faint|p1a: Nidoking
|-damage|p2a: Zoroark|0 fnt|[from] item: Life Orb
|faint|p2a: Zoroark
|
|upkeep
|
|t:|1683838395
|switch|p2a: Miltank|Miltank, L84, F|153/297
|switch|p1a: Toxicroak|Toxicroak, L84, M|118/277
|turn|16
|
|t:|1683838416
|move|p2a: Miltank|Earthquake|p1a: Toxicroak
|-supereffective|p1a: Toxicroak
|-damage|p1a: Toxicroak|0 fnt
|faint|p1a: Toxicroak
|
|-heal|p2a: Miltank|171/297|[from] item: Leftovers
|upkeep
|inactive|lauda Mera has 120 seconds left.
|inactive|lauda Mera has 90 seconds left.
|inactive|lauda Mera has 60 seconds left.
|
|t:|1683838494
|switch|p1a: Metagross|Metagross, L79|256/256
|turn|17
|
|t:|1683838501
|move|p2a: Miltank|Earthquake|p1a: Metagross
|-supereffective|p1a: Metagross
|-damage|p1a: Metagross|166/256
|-enditem|p1a: Metagross|Weakness Policy
|-boost|p1a: Metagross|atk|2|[from] item: Weakness Policy
|-boost|p1a: Metagross|spa|2|[from] item: Weakness Policy
|move|p1a: Metagross|Agility|p1a: Metagross
|-boost|p1a: Metagross|spe|2
|
|-heal|p2a: Miltank|189/297|[from] item: Leftovers
|upkeep
|turn|18
|
|t:|1683838511
|-start|p1a: Metagross|Dynamax|
|-heal|p1a: Metagross|332/512|[silent]
|move|p1a: Metagross|Max Steelspike|p2a: Miltank
|-damage|p2a: Miltank|0 fnt
|-boost|p1a: Metagross|def|1
|faint|p2a: Miltank
|
|upkeep
|
|t:|1683838519
|switch|p2a: Claydol|Claydol, L86|243/243
|turn|19
|
|t:|1683838528
|-start|p2a: Claydol|Dynamax|
|-heal|p2a: Claydol|486/486|[silent]
|move|p1a: Metagross|Max Steelspike|p2a: Claydol
|-damage|p2a: Claydol|203/486
|-boost|p1a: Metagross|def|1
|move|p2a: Claydol|Max Strike|p1a: Metagross
|-resisted|p1a: Metagross
|-damage|p1a: Metagross|319/512
|-fail|p1a: Metagross|unboost|[from] ability: Clear Body|[of] p1a: Metagross
|
|-heal|p2a: Claydol|218/486|[from] item: Leftovers
|upkeep
|turn|20
|
|t:|1683838541
|move|p2a: Claydol|Max Guard|p2a: Claydol
|-singleturn|p2a: Claydol|Max Guard
|move|p1a: Metagross|Max Steelspike|p2a: Claydol
|-activate|p2a: Claydol|move: Max Guard
|
|-heal|p2a: Claydol|233/486|[from] item: Leftovers
|upkeep
|-end|p1a: Metagross|Dynamax
|-heal|p1a: Metagross|160/256|[silent]
|turn|21
|
|t:|1683838550
|move|p1a: Metagross|Meteor Mash|p2a: Claydol
|-damage|p2a: Claydol|41/486
|move|p2a: Claydol|Max Quake|p1a: Metagross
|-supereffective|p1a: Metagross
|-damage|p1a: Metagross|70/256
|-boost|p2a: Claydol|spd|1
|
|-heal|p2a: Claydol|56/486|[from] item: Leftovers
|upkeep
|-end|p2a: Claydol|Dynamax
|-heal|p2a: Claydol|28/243|[silent]
|turn|22
|
|t:|1683838562
|move|p1a: Metagross|Meteor Mash|p2a: Claydol
|-damage|p2a: Claydol|0 fnt
|-boost|p1a: Metagross|atk|1
|faint|p2a: Claydol
|
|upkeep
|
|t:|1683838567
|switch|p2a: Gyarados|Gyarados, L76, M|186/269
|turn|23
|
|t:|1683838574
|move|p1a: Metagross|Thunder Punch|p2a: Gyarados
|-supereffective|p2a: Gyarados
|-damage|p2a: Gyarados|0 fnt
|faint|p2a: Gyarados
|
|upkeep
|
|t:|1683838579
|switch|p2a: Whiscash|Whiscash, L86, F|329/329
|turn|24
|
|t:|1683838583
|move|p1a: Metagross|Earthquake|p2a: Whiscash
|-damage|p2a: Whiscash|93/329
|move|p2a: Whiscash|Earthquake|p1a: Metagross
|-supereffective|p1a: Metagross
|-damage|p1a: Metagross|0 fnt
|faint|p1a: Metagross
|
|upkeep
|
|t:|1683838588
|switch|p1a: Tapu Lele|Tapu Lele, L79|240/240
|-fieldstart|move: Psychic Terrain|[from] ability: Psychic Surge|[of] p1a: Tapu Lele
|turn|25
|
|t:|1683838593
|move|p1a: Tapu Lele|Psyshock|p2a: Whiscash
|-damage|p2a: Whiscash|0 fnt
|faint|p2a: Whiscash
|-damage|p1a: Tapu Lele|216/240|[from] item: Life Orb
|
|win|lauda Mera
|raw|lauda Mera's rating: 1503 &rarr; <strong>1513</strong><br />(+10 for winning)
|raw|murraylef99's rating: 1314 &rarr; <strong>1304</strong><br />(-10 for losing)
|l|☆murraylef99
