{"id": "gen8randombattle-1865632987", "p1": "Willbot159", "p2": "TrueSoul77", "format": "[Gen 8] Random Battle", "log": "|j|\u2606Willbot159\n|j|\u2606TrueSoul77\n|t:|1684321364\n|gametype|singles\n|player|p1|Willbot159|shauntal|\n|player|p2|TrueSoul77|liza|\n|teamsize|p1|6\n|teamsize|p2|6\n|gen|8\n|tier|[Gen 8] Random Battle\n|rule|Species Clause: Limit one of each Pok\u00e9mon\n|rule|HP Percentage Mod: HP is shown in percentages\n|rule|Sleep Clause Mod: Limit one foe put to sleep\n|\n|t:|1684321364\n|start\n|switch|p1a: Dragalge|Dragalge, L86, F|252/252\n|switch|p2a: Tangrowth|Tangrowth, L84, M|305/305\n|turn|1\n|\n|t:|1684321378\n|switch|p2a: Cinccino|Cinccino, L84, M|263/263\n|move|p1a: Dragalge|Sludge Wave|p2a: Cinccino\n|-damage|p2a: Cinccino|73/263\n|\n|upkeep\n|turn|2\n|\n|t:|1684321386\n|move|p2a: Cinccino|Knock Off|p1a: Dragalge\n|-damage|p1a: Dragalge|154/252\n|-enditem|p1a: Dragalge|Black Sludge|[from] move: Knock Off|[of] p2a: Cinccino\n|move|p1a: Dragalge|Focus Blast|p2a: Cinccino|[miss]\n|-miss|p1a: Dragalge|p2a: Cinccino\n|\n|upkeep\n|turn|3\n|\n|t:|1684321404\n|move|p2a: Cinccino|Knock Off|p1a: Dragalge\n|-damage|p1a: Dragalge|84/252\n|move|p1a: Dragalge|Sludge Wave|p2a: Cinccino\n|-damage|p2a: Cinccino|0 fnt\n|faint|p2a: Cinccino\n|\n|upkeep\n|\n|t:|1684321417\n|switch|p2a: Cinderace|Cinderace, L74, F|240/240\n|turn|4\n|\n|t:|1684321427\n|move|p2a: Cinderace|Bulk Up|p2a: Cinderace\n|-start|p2a: Cinderace|typechange|Fighting|[from] ability: Libero\n|-boost|p2a: Cinderace|atk|1\n|-boost|p2a: Cinderace|def|1\n|move|p1a: Dragalge|Toxic Spikes|p2a: Cinderace\n|-sidestart|p2: TrueSoul77|move: Toxic Spikes\n|\n|upkeep\n|turn|5\n|\n|t:|1684321435\n|move|p2a: Cinderace|Bulk Up|p2a: Cinderace\n|-boost|p2a: Cinderace|atk|1\n|-boost|p2a: Cinderace|def|1\n|move|p1a: Dragalge|Focus Blast|p2a: Cinderace\n|-damage|p2a: Cinderace|126/240\n|\n|upkeep\n|turn|6\n|\n|t:|1684321444\n|move|p2a: Cinderace|Bulk Up|p2a: Cinderace\n|-boost|p2a: Cinderace|atk|1\n|-boost|p2a: Cinderace|def|1\n|move|p1a: Dragalge|Draco Meteor|p2a: Cinderace|[miss]\n|-miss|p1a: Dragalge|p2a: Cinderace\n|\n|upkeep\n|turn|7\n|\n|t:|1684321452\n|move|p2a: Cinderace|Pyro Ball|p1a: Dragalge\n|-start|p2a: Cinderace|typechange|Fire|[from] ability: Libero\n|-resisted|p1a: Dragalge\n|-damage|p1a: Dragalge|0 fnt\n|faint|p1a: Dragalge\n|\n|upkeep\n|\n|t:|1684321467\n|switch|p1a: Nihilego|Nihilego, L79|302/302\n|turn|8\n|\n|t:|1684321477\n|move|p2a: Cinderace|Sucker Punch|p1a: Nihilego\n|-start|p2a: Cinderace|typechange|Dark|[from] ability: Libero\n|-damage|p1a: Nihilego|47/302\n|move|p1a: Nihilego|Power Gem|p2a: Cinderace\n|-damage|p2a: Cinderace|0 fnt\n|faint|p2a: Cinderace\n|-ability|p1a: Nihilego|Beast Boost|boost\n|-boost|p1a: Nihilego|spa|1\n|\n|-heal|p1a: Nihilego|65/302|[from] item: Black Sludge\n|upkeep\n|\n|t:|1684321493\n|switch|p2a: Tangrowth|Tangrowth, L84, M|305/305\n|-status|p2a: Tangrowth|psn\n|turn|9\n|\n|t:|1684321502\n|move|p1a: Nihilego|Stealth Rock|p2a: Tangrowth\n|-sidestart|p2: TrueSoul77|move: Stealth Rock\n|move|p2a: Tangrowth|Giga Drain|p1a: Nihilego\n|-damage|p1a: Nihilego|0 fnt\n|faint|p1a: Nihilego\n|\n|-damage|p2a: Tangrowth|267/305 psn|[from] psn\n|upkeep\n|\n|t:|1684321506\n|switch|p1a: Mr. Mime|Mr. Mime-Galar, L86, M|226/226\n|turn|10\n|\n|t:|1684321513\n|move|p1a: Mr. Mime|Nasty Plot|p1a: Mr. Mime\n|-boost|p1a: Mr. Mime|spa|2\n|move|p2a: Tangrowth|Knock Off|p1a: Mr. Mime\n|-supereffective|p1a: Mr. Mime\n|-damage|p1a: Mr. Mime|108/226\n|-enditem|p1a: Mr. Mime|Eviolite|[from] move: Knock Off|[of] p2a: Tangrowth\n|\n|-damage|p2a: Tangrowth|229/305 psn|[from] psn\n|upkeep\n|turn|11\n|\n|t:|1684321524\n|move|p1a: Mr. Mime|Freeze-Dry|p2a: Tangrowth\n|-supereffective|p2a: Tangrowth\n|-damage|p2a: Tangrowth|0 fnt\n|faint|p2a: Tangrowth\n|\n|upkeep\n|\n|t:|1684321538\n|switch|p2a: Inteleon|Inteleon, L80, F|243/243\n|-status|p2a: Inteleon|psn\n|-damage|p2a: Inteleon|213/243 psn|[from] Stealth Rock\n|turn|12\n|\n|t:|1684321546\n|move|p2a: Inteleon|Ice Beam|p1a: Mr. Mime\n|-resisted|p1a: Mr. Mime\n|-damage|p1a: Mr. Mime|58/226\n|move|p1a: Mr. Mime|Focus Blast|p2a: Inteleon\n|-crit|p2a: Inteleon\n|-damage|p2a: Inteleon|0 fnt\n|faint|p2a: Inteleon\n|\n|upkeep\n|\n|t:|1684321557\n|switch|p2a: Landorus|Landorus, L76, M|260/260\n|-damage|p2a: Landorus|228/260|[from] Stealth Rock\n|turn|13\n|\n|t:|1684321569\n|move|p1a: Mr. Mime|Freeze-Dry|p2a: Landorus\n|-supereffective|p2a: Landorus\n|-damage|p2a: Landorus|0 fnt\n|faint|p2a: Landorus\n|\n|upkeep\n|\n|t:|1684321575\n|switch|p2a: Kyurem|Kyurem-White, L74|307/307\n|-ability|p2a: Kyurem|Turboblaze\n|turn|14\n|\n|t:|1684321588\n|move|p1a: Mr. Mime|Focus Blast|p2a: Kyurem\n|-supereffective|p2a: Kyurem\n|-damage|p2a: Kyurem|0 fnt\n|faint|p2a: Kyurem\n|\n|win|Willbot159\n", "inputlog": ">version 3f967b429d9dd76d8eb692efdd7dfe9038092d20\n>start {\"formatid\":\"gen8randombattle\",\"seed\":[30532,63477,52267,46952]}\n>player p1 {\"name\":\"Willbot159\",\"avatar\":\"shauntal\",\"rating\":0,\"seed\":[43487,48269,17117,41379]}\n>player p2 {\"name\":\"TrueSoul77\",\"avatar\":\"liza\",\"rating\":0,\"seed\":[27126,36394,9392,24323]}\n>p1 move sludgewave\n>p2 switch 2\n>p1 move focusblast\n>p2 move knockoff\n>p1 move sludgewave\n>p2 move knockoff\n>p2 switch 6\n>p1 move toxicspikes\n>p2 move bulkup\n>p1 move focusblast\n>p2 move bulkup\n>p1 move dracometeor\n>p2 move bulkup\n>p1 move focusblast\n>p2 move pyroball\n>p1 switch 6\n>p1 move powergem\n>p2 move suckerpunch\n>p2 switch 2\n>p1 move stealthrock\n>p2 move gigadrain\n>p1 switch 5\n>p1 move nastyplot\n>p2 move knockoff\n>p1 move freezedry\n>p2 move knockoff\n>p2 switch 5\n>p1 move focusblast\n>p2 move icebeam\n>p2 switch 3\n>p1 move freezedry\n>p2 move earthpower\n>p2 switch 4\n>p1 move focusblast\n>p2 move earthpower", "uploadtime": 1684321593, "views": 6, "p1id": "willbot159", "p2id": "truesoul77", "formatid": "gen8randombattle", "rating": 0, "private": 0, "password": ""}