|j|☆MeninoNery
|j|☆ThisCatzin
|t:|1685247480
|gametype|singles
|player|p1|MeninoNery|hooligans|
|player|p2|ThisCatzin|101|
|teamsize|p1|6
|teamsize|p2|6
|gen|8
|tier|[Gen 8] Random Battle
|rule|Species Clause: Limit one of each Pokémon
|rule|HP Percentage Mod: HP is shown in percentages
|rule|Sleep Clause Mod: Limit one foe put to sleep
|
|t:|1685247480
|start
|switch|p1a: Archeops|Archeops, L82, F|257/257
|switch|p2a: Tentacruel|Tentacruel, L84, M|272/272
|turn|1
|
|t:|1685247492
|move|p1a: Archeops|U-turn|p2a: Tentacruel
|-resisted|p2a: Tentacruel
|-damage|p2a: Tentacruel|232/272
|
|t:|1685247500
|switch|p1a: Sandslash|Sandslash, L86, F|269/269|[from] U-turn
|move|p2a: Tentacruel|Toxic Spikes|p1a: Sandslash
|-sidestart|p1: MeninoNery|move: Toxic Spikes
|
|upkeep
|turn|2
|
|t:|1685247507
|move|p2a: Tentacruel|Scald|p1a: Sandslash
|-supereffective|p1a: Sandslash
|-damage|p1a: Sandslash|0 fnt
|faint|p1a: Sandslash
|-damage|p2a: Tentacruel|205/272|[from] item: Life Orb
|
|upkeep
|
|t:|1685247517
|switch|p1a: Zygarde|Zygarde, L70|267/267
|-status|p1a: Zygarde|psn
|turn|3
|
|t:|1685247527
|move|p2a: Tentacruel|Knock Off|p1a: Zygarde
|-crit|p1a: Zygarde
|-damage|p1a: Zygarde|168/267 psn
|-enditem|p1a: Zygarde|Leftovers|[from] move: Knock Off|[of] p2a: Tentacruel
|-damage|p2a: Tentacruel|178/272|[from] item: Life Orb
|move|p1a: Zygarde|Substitute|p1a: Zygarde
|-start|p1a: Zygarde|Substitute
|-damage|p1a: Zygarde|102/267 psn
|
|-damage|p1a: Zygarde|69/267 psn|[from] psn
|-activate|p1a: Zygarde|ability: Power Construct
|detailschange|p1a: Zygarde|Zygarde-Complete, L70
|-heal|p1a: Zygarde|220/418 psn|[silent]
|upkeep
|turn|4
|
|t:|1685247541
|move|p2a: Tentacruel|Sludge Bomb|p1a: Zygarde
|-resisted|p1a: Zygarde
|-activate|p1a: Zygarde|move: Substitute|[damage]
|-damage|p2a: Tentacruel|151/272|[from] item: Life Orb
|move|p1a: Zygarde|Outrage|p2a: Tentacruel
|-damage|p2a: Tentacruel|42/272
|
|-damage|p1a: Zygarde|168/418 psn|[from] psn
|upkeep
|turn|5
|
|t:|1685247553
|move|p2a: Tentacruel|Scald|p1a: Zygarde
|-end|p1a: Zygarde|Substitute
|-damage|p2a: Tentacruel|15/272|[from] item: Life Orb
|move|p1a: Zygarde|Outrage|p2a: Tentacruel|[from]lockedmove
|-damage|p2a: Tentacruel|0 fnt
|faint|p2a: Tentacruel
|
|-damage|p1a: Zygarde|116/418 psn|[from] psn
|upkeep
|
|t:|1685247567
|switch|p2a: Klefki|Klefki, L82, F|228/228
|turn|6
|
|t:|1685247573
|move|p2a: Klefki|Play Rough|p1a: Zygarde
|-supereffective|p1a: Zygarde
|-damage|p1a: Zygarde|0 fnt
|faint|p1a: Zygarde
|
|upkeep
|
|t:|1685247588
|switch|p1a: Vanilluxe|Vanilluxe, L82, F|251/251
|-status|p1a: Vanilluxe|psn
|-weather|Hail|[from] ability: Snow Warning|[of] p1a: Vanilluxe
|turn|7
|
|t:|1685247596
|move|p2a: Klefki|Spikes|p1a: Vanilluxe
|-sidestart|p1: MeninoNery|Spikes
|move|p1a: Vanilluxe|Blizzard|p2a: Klefki
|-resisted|p2a: Klefki
|-damage|p2a: Klefki|171/228
|
|-weather|Hail|[upkeep]
|-damage|p2a: Klefki|157/228|[from] Hail
|-heal|p2a: Klefki|171/228|[from] item: Leftovers
|-damage|p1a: Vanilluxe|220/251 psn|[from] psn
|upkeep
|turn|8
|
|t:|1685247607
|move|p2a: Klefki|Spikes|p1a: Vanilluxe
|-sidestart|p1: MeninoNery|Spikes
|move|p1a: Vanilluxe|Blizzard|p2a: Klefki
|-resisted|p2a: Klefki
|-damage|p2a: Klefki|111/228
|
|-weather|Hail|[upkeep]
|-damage|p2a: Klefki|97/228|[from] Hail
|-heal|p2a: Klefki|111/228|[from] item: Leftovers
|-damage|p1a: Vanilluxe|189/251 psn|[from] psn
|upkeep
|turn|9
|
|t:|1685247616
|move|p2a: Klefki|Spikes|p1a: Vanilluxe
|-sidestart|p1: MeninoNery|Spikes
|move|p1a: Vanilluxe|Blizzard|p2a: Klefki
|-resisted|p2a: Klefki
|-damage|p2a: Klefki|46/228
|
|-weather|Hail|[upkeep]
|-damage|p2a: Klefki|32/228|[from] Hail
|-heal|p2a: Klefki|46/228|[from] item: Leftovers
|-damage|p1a: Vanilluxe|158/251 psn|[from] psn
|upkeep
|turn|10
|
|t:|1685247630
|move|p1a: Vanilluxe|Blizzard|p2a: Klefki
|-resisted|p2a: Klefki
|-damage|p2a: Klefki|0 fnt
|faint|p2a: Klefki
|
|-weather|Hail|[upkeep]
|-damage|p1a: Vanilluxe|127/251 psn|[from] psn
|upkeep
|
|t:|1685247641
|switch|p2a: Clefable|Clefable, L82, F|290/290
|turn|11
|
|t:|1685247647
|move|p1a: Vanilluxe|Blizzard|p2a: Clefable
|-damage|p2a: Clefable|178/290
|move|p2a: Clefable|Calm Mind|p2a: Clefable
|-boost|p2a: Clefable|spa|1
|-boost|p2a: Clefable|spd|1
|
|-weather|none
|-damage|p1a: Vanilluxe|96/251 psn|[from] psn
|upkeep
|turn|12
|
|t:|1685247655
|move|p1a: Vanilluxe|Blizzard|p2a: Clefable|[miss]
|-miss|p1a: Vanilluxe|p2a: Clefable
|move|p2a: Clefable|Calm Mind|p2a: Clefable
|-boost|p2a: Clefable|spa|1
|-boost|p2a: Clefable|spd|1
|
|-damage|p1a: Vanilluxe|65/251 psn|[from] psn
|upkeep
|turn|13
|
|t:|1685247662
|move|p1a: Vanilluxe|Explosion|p2a: Clefable
|-damage|p2a: Clefable|0 fnt
|faint|p1a: Vanilluxe
|faint|p2a: Clefable
|
|upkeep
|
|t:|1685247670
|switch|p1a: Weavile|Weavile, L79, F|240/240
|switch|p2a: Calyrex|Calyrex-Ice, L72|263/263
|-ability|p2a: Calyrex|As One
|-ability|p2a: Calyrex|Unnerve
|turn|14
|
|t:|1685247681
|move|p1a: Weavile|Swords Dance|p1a: Weavile
|-boost|p1a: Weavile|atk|2
|move|p2a: Calyrex|Agility|p2a: Calyrex
|-boost|p2a: Calyrex|spe|2
|
|upkeep
|turn|15
|
|t:|1685247691
|move|p1a: Weavile|Knock Off|p2a: Calyrex
|-supereffective|p2a: Calyrex
|-damage|p2a: Calyrex|0 fnt
|-enditem|p2a: Calyrex|Weakness Policy|[from] move: Knock Off|[of] p1a: Weavile
|faint|p2a: Calyrex
|
|upkeep
|
|t:|1685247697
|switch|p2a: Froslass|Froslass, L84, F|255/255
|turn|16
|
|t:|1685247702
|move|p1a: Weavile|Knock Off|p2a: Froslass
|-supereffective|p2a: Froslass
|-damage|p2a: Froslass|0 fnt
|-enditem|p2a: Froslass|Wide Lens|[from] move: Knock Off|[of] p1a: Weavile
|faint|p2a: Froslass
|
|upkeep
|
|t:|1685247707
|switch|p2a: Jolteon|Jolteon, L82, M|241/241
|turn|17
|
|t:|1685247713
|-start|p2a: Jolteon|Dynamax|
|-heal|p2a: Jolteon|482/482|[silent]
|move|p2a: Jolteon|Max Strike|p1a: Weavile
|-damage|p1a: Weavile|131/240
|-unboost|p1a: Weavile|spe|1
|move|p1a: Weavile|Knock Off|p2a: Jolteon
|-damage|p2a: Jolteon|199/482
|-enditem|p2a: Jolteon|Choice Specs|[from] move: Knock Off|[of] p1a: Weavile
|
|upkeep
|turn|18
|
|t:|1685247723
|move|p2a: Jolteon|Max Lightning|p1a: Weavile
|-damage|p1a: Weavile|0 fnt
|-fieldstart|move: Electric Terrain
|faint|p1a: Weavile
|
|upkeep
|
|t:|1685247730
|switch|p1a: Archeops|Archeops, L82, F|257/257
|turn|19
|
|t:|1685247736
|move|p2a: Jolteon|Max Lightning|p1a: Archeops
|-supereffective|p1a: Archeops
|-damage|p1a: Archeops|0 fnt
|faint|p1a: Archeops
|
|upkeep
|
|t:|1685247742
|switch|p1a: Zacian|Zacian-Crowned, L62|218/218
|-damage|p1a: Zacian|164/218|[from] Spikes
|-ability|p1a: Zacian|Intrepid Sword|boost
|-boost|p1a: Zacian|atk|1
|-end|p2a: Jolteon|Dynamax
|-heal|p2a: Jolteon|100/241|[silent]
|turn|20
|
|t:|1685247753
|move|p2a: Jolteon|Thunderbolt|p1a: Zacian
|-damage|p1a: Zacian|29/218
|move|p1a: Zacian|Crunch|p2a: Jolteon
|-damage|p2a: Jolteon|1/241
|
|upkeep
|turn|21
|
|t:|1685247764
|move|p2a: Jolteon|Thunderbolt|p1a: Zacian
|-damage|p1a: Zacian|0 fnt
|faint|p1a: Zacian
|
|win|ThisCatzin
