{"id": "gen8randombattle-1873750580", "p1": "sharp_claw", "p2": "tomsucksatpiano", "format": "[Gen 8] Random Battle", "log": "|j|\u2606sharp_claw\n|j|\u2606tomsucksatpiano\n|t:|1685414743\n|gametype|singles\n|player|p1|sharp_claw|#teamvictini|\n|player|p2|tomsucksatpiano|gamer-gen3|\n|teamsize|p1|6\n|teamsize|p2|6\n|gen|8\n|tier|[Gen 8] Random Battle\n|rule|Species Clause: Limit one of each Pok\u00e9mon\n|rule|HP Percentage Mod: HP is shown in percentages\n|rule|Sleep Clause Mod: Limit one foe put to sleep\n|\n|t:|1685414743\n|start\n|switch|p1a: Lunala|Lunala, L72|316/316\n|switch|p2a: Barraskewda|Barraskewda, L80, F|229/229\n|turn|1\n|c|\u2606sharp_claw|hf :D\n|inactive|Battle timer is ON: inactive players will automatically lose when time's up. (requested by sharp_claw)\n|c|\u2606tomsucksatpiano|u 2 :))\n|inactive|tomsucksatpiano has 270 seconds left.\n|inactive|sharp_claw has 270 seconds left.\n|\n|t:|1685414801\n|switch|p2a: Shedinja|Shedinja, L88|1/1\n|switch|p1a: Cherrim|Cherrim, L93, F|281/281\n|\n|upkeep\n|turn|2\n|\n|t:|1685414826\n|switch|p1a: Incineroar|Incineroar, L80, M|283/283\n|-ability|p1a: Incineroar|Intimidate|boost\n|-unboost|p2a: Shedinja|atk|1\n|move|p2a: Shedinja|Poltergeist|p1a: Incineroar\n|-activate|p1a: Incineroar|move: Poltergeist|Choice Scarf\n|-resisted|p1a: Incineroar\n|-damage|p1a: Incineroar|238/283\n|\n|upkeep\n|turn|3\n|inactive|tomsucksatpiano has 270 seconds left.\n|\n|t:|1685414851\n|switch|p2a: Incineroar|Incineroar, L80, M|283/283\n|-ability|p2a: Incineroar|Intimidate|boost\n|-unboost|p1a: Incineroar|atk|1\n|move|p1a: Incineroar|Knock Off|p2a: Incineroar\n|-resisted|p2a: Incineroar\n|-damage|p2a: Incineroar|243/283\n|-enditem|p2a: Incineroar|Heavy-Duty Boots|[from] move: Knock Off|[of] p1a: Incineroar\n|\n|upkeep\n|turn|4\n|inactive|tomsucksatpiano has 270 seconds left.\n|c|\u2606sharp_claw|spiderman pointing dot png\n|c|\u2606tomsucksatpiano|skdfhskfhsjkf\n|c|\u2606tomsucksatpiano|da bois\n|\n|t:|1685414881\n|switch|p1a: Exeggutor|Exeggutor-Alola, L87, M|307/307\n|move|p2a: Incineroar|U-turn|p1a: Exeggutor\n|-supereffective|p1a: Exeggutor\n|-damage|p1a: Exeggutor|205/307\n|inactive|tomsucksatpiano has 240 seconds left.\n|\n|t:|1685414916\n|switch|p2a: Exploud|Exploud, L84, F|312/312|[from] U-turn\n|\n|upkeep\n|turn|5\n|inactive|sharp_claw has 270 seconds left.\n|\n|t:|1685414942\n|switch|p1a: Sandslash|Sandslash-Alola, L86, M|269/269\n|move|p2a: Exploud|Boomburst|p1a: Sandslash\n|-resisted|p1a: Sandslash\n|-damage|p1a: Sandslash|180/269\n|\n|upkeep\n|turn|6\n|inactive|sharp_claw has 270 seconds left.\n|inactive|tomsucksatpiano has 240 seconds left.\n|\n|t:|1685414979\n|switch|p2a: Incineroar|Incineroar, L80, M|243/283\n|-ability|p2a: Incineroar|Intimidate|boost\n|-unboost|p1a: Sandslash|atk|1\n|move|p1a: Sandslash|Earthquake|p2a: Incineroar\n|-supereffective|p2a: Incineroar\n|-damage|p2a: Incineroar|133/283\n|\n|upkeep\n|turn|7\n|inactive|tomsucksatpiano has 210 seconds left.\n|\n|t:|1685415023\n|switch|p1a: Incineroar|Incineroar, L80, M|238/283\n|-ability|p1a: Incineroar|Intimidate|boost\n|-unboost|p2a: Incineroar|atk|1\n|switch|p2a: Azelf|Azelf, L82|257/257\n|\n|upkeep\n|turn|8\n|inactive|tomsucksatpiano has 180 seconds left.\n|inactive|sharp_claw has 240 seconds left.\n|\n|t:|1685415051\n|switch|p2a: Incineroar|Incineroar, L80, M|133/283\n|-ability|p2a: Incineroar|Intimidate|boost\n|-unboost|p1a: Incineroar|atk|1\n|move|p1a: Incineroar|Knock Off|p2a: Incineroar\n|-resisted|p2a: Incineroar\n|-damage|p2a: Incineroar|107/283\n|\n|upkeep\n|turn|9\n|inactive|sharp_claw has 240 seconds left.\n|inactive|tomsucksatpiano has 180 seconds left.\n|\n|t:|1685415069\n|switch|p1a: Sandslash|Sandslash-Alola, L86, M|180/269\n|move|p2a: Incineroar|U-turn|p1a: Sandslash\n|-resisted|p1a: Sandslash\n|-damage|p1a: Sandslash|161/269\n|\n|t:|1685415085\n|switch|p2a: Barraskewda|Barraskewda, L80, F|229/229|[from] U-turn\n|\n|upkeep\n|turn|10\n|\n|t:|1685415096\n|switch|p1a: Cherrim|Cherrim, L93, F|281/281\n|move|p2a: Barraskewda|Close Combat|p1a: Cherrim\n|-damage|p1a: Cherrim|126/281\n|-unboost|p2a: Barraskewda|def|1\n|-unboost|p2a: Barraskewda|spd|1\n|\n|upkeep\n|turn|11\n|inactive|sharp_claw has 240 seconds left.\n|\n|t:|1685415127\n|switch|p1a: Lunala|Lunala, L72|316/316\n|switch|p2a: Shedinja|Shedinja, L88|1/1\n|\n|upkeep\n|turn|12\n|inactive|tomsucksatpiano has 150 seconds left.\n|\n|t:|1685415173\n|switch|p1a: Incineroar|Incineroar, L80, M|238/283\n|-ability|p1a: Incineroar|Intimidate|boost\n|-unboost|p2a: Shedinja|atk|1\n|switch|p2a: Exploud|Exploud, L84, F|312/312\n|\n|upkeep\n|turn|13\n|inactive|tomsucksatpiano has 120 seconds left.\n|inactive|sharp_claw has 210 seconds left.\n|\n|t:|1685415224\n|move|p1a: Incineroar|Knock Off|p2a: Exploud\n|-damage|p2a: Exploud|167/312\n|-enditem|p2a: Exploud|Choice Specs|[from] move: Knock Off|[of] p1a: Incineroar\n|move|p2a: Exploud|Boomburst|p1a: Incineroar\n|-damage|p1a: Incineroar|96/283\n|\n|upkeep\n|turn|14\n|\n|t:|1685415238\n|switch|p1a: Sandslash|Sandslash-Alola, L86, M|161/269\n|switch|p2a: Incineroar|Incineroar, L80, M|107/283\n|-ability|p2a: Incineroar|Intimidate|boost\n|-unboost|p1a: Sandslash|atk|1\n|\n|upkeep\n|turn|15\n|inactive|tomsucksatpiano has 90 seconds left.\n|\n|t:|1685415270\n|switch|p1a: Incineroar|Incineroar, L80, M|96/283\n|-ability|p1a: Incineroar|Intimidate|boost\n|-unboost|p2a: Incineroar|atk|1\n|switch|p2a: Shedinja|Shedinja, L88|1/1\n|\n|upkeep\n|turn|16\n|inactive|tomsucksatpiano has 90 seconds left.\n|\n|t:|1685415286\n|switch|p2a: Incineroar|Incineroar, L80, M|107/283\n|-ability|p2a: Incineroar|Intimidate|boost\n|-unboost|p1a: Incineroar|atk|1\n|move|p1a: Incineroar|Earthquake|p2a: Incineroar\n|-supereffective|p2a: Incineroar\n|-damage|p2a: Incineroar|7/283\n|\n|upkeep\n|turn|17\n|inactive|tomsucksatpiano has 90 seconds left.\n|c|\u2606tomsucksatpiano|wp\n|\n|t:|1685415302\n|switch|p1a: Exeggutor|Exeggutor-Alola, L87, M|205/307\n|switch|p2a: Shedinja|Shedinja, L88|1/1\n|\n|upkeep\n|turn|18\n|inactive|tomsucksatpiano has 90 seconds left.\n|\n|t:|1685415327\n|switch|p2a: Exploud|Exploud, L84, F|167/312\n|move|p1a: Exeggutor|Flamethrower|p2a: Exploud\n|-damage|p2a: Exploud|37/312\n|-damage|p1a: Exeggutor|175/307|[from] item: Life Orb\n|\n|upkeep\n|turn|19\n|inactive|sharp_claw has 180 seconds left.\n|\n|t:|1685415346\n|switch|p1a: Sandslash|Sandslash-Alola, L86, M|161/269\n|move|p2a: Exploud|Boomburst|p1a: Sandslash\n|-resisted|p1a: Sandslash\n|-crit|p1a: Sandslash\n|-damage|p1a: Sandslash|72/269\n|\n|upkeep\n|turn|20\n|\n|t:|1685415354\n|move|p2a: Exploud|Boomburst|p1a: Sandslash\n|-resisted|p1a: Sandslash\n|-damage|p1a: Sandslash|18/269\n|move|p1a: Sandslash|Iron Head|p2a: Exploud\n|-damage|p2a: Exploud|0 fnt\n|faint|p2a: Exploud\n|\n|upkeep\n|inactive|tomsucksatpiano has 60 seconds left.\n|\n|t:|1685415380\n|switch|p2a: Azelf|Azelf, L82|257/257\n|turn|21\n|\n|t:|1685415395\n|move|p2a: Azelf|Dazzling Gleam|p1a: Sandslash\n|-resisted|p1a: Sandslash\n|-damage|p1a: Sandslash|0 fnt\n|faint|p1a: Sandslash\n|-damage|p2a: Azelf|232/257|[from] item: Life Orb\n|\n|upkeep\n|inactive|sharp_claw has 180 seconds left.\n|inactive|sharp_claw has 150 seconds left.\n|inactive|sharp_claw has 120 seconds left.\n|inactive|sharp_claw has 90 seconds left.\n|inactive|sharp_claw has 60 seconds left.\n|\n|t:|1685415526\n|switch|p1a: Weavile|Weavile, L79, F|240/240\n|turn|22\n|inactive|tomsucksatpiano has 60 seconds left.\n|inactive|tomsucksatpiano has 30 seconds left.\n|inactive|tomsucksatpiano has 20 seconds left.\n|\n|t:|1685415595\n|switch|p2a: Incineroar|Incineroar, L80, M|7/283\n|-ability|p2a: Incineroar|Intimidate|boost\n|-unboost|p1a: Weavile|atk|1\n|move|p1a: Weavile|Knock Off|p2a: Incineroar\n|-resisted|p2a: Incineroar\n|-damage|p2a: Incineroar|0 fnt\n|faint|p2a: Incineroar\n|\n|upkeep\n|inactive|tomsucksatpiano has 25 seconds left this turn.\n|inactive|tomsucksatpiano has 20 seconds left.\n|inactive|tomsucksatpiano has 15 seconds left.\n|inactive|tomsucksatpiano has 10 seconds left.\n|\n|t:|1685415611\n|switch|p2a: Barraskewda|Barraskewda, L80, F|229/229\n|turn|23\n|inactive|tomsucksatpiano has 20 seconds left this turn.\n|inactive|tomsucksatpiano has 15 seconds left.\n|inactive|tomsucksatpiano has 10 seconds left.\n|\n|t:|1685415624\n|switch|p2a: Mimikyu|Mimikyu, L76, F|209/209\n|switch|p1a: Lunala|Lunala, L72|316/316\n|\n|upkeep\n|turn|24\n|inactive|tomsucksatpiano has 20 seconds left this turn.\n|inactive|tomsucksatpiano has 15 seconds left.\n|inactive|tomsucksatpiano has 10 seconds left.\n|\n|t:|1685415637\n|move|p2a: Mimikyu|Swords Dance|p2a: Mimikyu\n|-boost|p2a: Mimikyu|atk|2\n|move|p1a: Lunala|Moongeist Beam|p2a: Mimikyu\n|-supereffective|p2a: Mimikyu\n|-damage|p2a: Mimikyu|11/209\n|\n|upkeep\n|turn|25\n|inactive|tomsucksatpiano has 20 seconds left this turn.\n|inactive|tomsucksatpiano has 15 seconds left.\n|inactive|tomsucksatpiano has 10 seconds left.\n|inactive|tomsucksatpiano has 5 seconds left.\n|\n|t:|1685415652\n|switch|p1a: Incineroar|Incineroar, L80, M|96/283\n|-ability|p1a: Incineroar|Intimidate|boost\n|-unboost|p2a: Mimikyu|atk|1\n|-start|p2a: Mimikyu|Dynamax|\n|-heal|p2a: Mimikyu|22/418|[silent]\n|move|p2a: Mimikyu|Max Phantasm|p1a: Incineroar\n|-resisted|p1a: Incineroar\n|-damage|p1a: Incineroar|0 fnt\n|faint|p1a: Incineroar\n|-damage|p2a: Mimikyu|2/418|[from] item: Life Orb\n|\n|upkeep\n|inactive|tomsucksatpiano has 10 seconds left this turn.\n|inactive|sharp_claw has 60 seconds left.\n|c|\u2606tomsucksatpiano|i forgot moongeist beam has built in mold breaker\n|c|\u2606tomsucksatpiano|thought i was so slick\n|c|\u2606sharp_claw|it's so weird\n|inactive|sharp_claw has 30 seconds left.\n|inactive|sharp_claw has 20 seconds left.\n|\n|t:|1685415721\n|switch|p1a: Cherrim|Cherrim, L93, F|126/281\n|turn|26\n|inactive|sharp_claw has 30 seconds left this turn.\n|inactive|tomsucksatpiano has 20 seconds left this turn.\n|inactive|tomsucksatpiano has 15 seconds left.\n|inactive|sharp_claw has 20 seconds left.\n|inactive|tomsucksatpiano has 10 seconds left.\n|inactive|sharp_claw has 15 seconds left.\n|inactive|tomsucksatpiano has 5 seconds left.\n|\n|t:|1685415737\n|move|p1a: Cherrim|Healing Wish|p1a: Cherrim\n|faint|p1a: Cherrim\n|move|p2a: Mimikyu|Max Starfall|p1: Cherrim|[notarget]\n|-fail|p2a: Mimikyu\n|\n|upkeep\n|inactive|sharp_claw has 20 seconds left this turn.\n|inactive|tomsucksatpiano has 10 seconds left this turn.\n|inactive|sharp_claw has 15 seconds left.\n|\n|t:|1685415746\n|switch|p1a: Exeggutor|Exeggutor-Alola, L87, M|175/307\n|-heal|p1a: Exeggutor|307/307|[from] move: Healing Wish\n|-item|p2a: Mimikyu|Life Orb|[from] ability: Frisk|[of] p1a: Exeggutor|[identify]\n|turn|27\n|inactive|sharp_claw has 25 seconds left this turn.\n|inactive|tomsucksatpiano has 20 seconds left this turn.\n|inactive|sharp_claw has 20 seconds left.\n|inactive|tomsucksatpiano has 15 seconds left.\n|inactive|sharp_claw has 15 seconds left.\n|\n|t:|1685415760\n|-start|p1a: Exeggutor|Dynamax|\n|-heal|p1a: Exeggutor|614/614|[silent]\n|move|p1a: Exeggutor|Max Guard|p1a: Exeggutor\n|-singleturn|p1a: Exeggutor|Max Guard\n|move|p2a: Mimikyu|Max Starfall|p1a: Exeggutor\n|-activate|p1a: Exeggutor|move: Max Guard\n|\n|upkeep\n|-end|p2a: Mimikyu|Dynamax\n|-heal|p2a: Mimikyu|1/209|[silent]\n|turn|28\n|inactive|sharp_claw has 25 seconds left this turn.\n|inactive|tomsucksatpiano has 25 seconds left this turn.\n|inactive|tomsucksatpiano has 20 seconds left.\n|inactive|tomsucksatpiano has 15 seconds left.\n|\n|t:|1685415772\n|move|p2a: Mimikyu|Play Rough|p1a: Exeggutor\n|-supereffective|p1a: Exeggutor\n|-damage|p1a: Exeggutor|331/614\n|-damage|p2a: Mimikyu|0 fnt|[from] item: Life Orb\n|faint|p2a: Mimikyu\n|move|p1a: Exeggutor|Max Overgrowth|p2: Mimikyu|[notarget]\n|-fail|p1a: Exeggutor\n|\n|upkeep\n|inactive|sharp_claw has 30 seconds left this turn.\n|inactive|tomsucksatpiano has 20 seconds left this turn.\n|inactive|tomsucksatpiano has 15 seconds left.\n|inactive|tomsucksatpiano has 10 seconds left.\n|\n|t:|1685415784\n|switch|p2a: Shedinja|Shedinja, L88|1/1\n|turn|29\n|inactive|tomsucksatpiano has 20 seconds left this turn.\n|inactive|tomsucksatpiano has 15 seconds left.\n|inactive|sharp_claw has 30 seconds left.\n|\n|t:|1685415798\n|switch|p2a: Barraskewda|Barraskewda, L80, F|229/229\n|-end|p1a: Exeggutor|Dynamax\n|-heal|p1a: Exeggutor|166/307|[silent]\n|switch|p1a: Lunala|Lunala, L72|316/316\n|\n|upkeep\n|turn|30\n|inactive|tomsucksatpiano has 25 seconds left this turn.\n|inactive|tomsucksatpiano has 20 seconds left.\n|inactive|sharp_claw has 30 seconds left.\n|inactive|tomsucksatpiano has 15 seconds left.\n|\n|t:|1685415816\n|move|p2a: Barraskewda|Liquidation|p1a: Lunala\n|-damage|p1a: Lunala|228/316\n|move|p1a: Lunala|Moongeist Beam|p2a: Barraskewda\n|-damage|p2a: Barraskewda|78/229\n|\n|-heal|p1a: Lunala|247/316|[from] item: Leftovers\n|upkeep\n|turn|31\n|inactive|tomsucksatpiano has 25 seconds left this turn.\n|inactive|sharp_claw has 30 seconds left.\n|inactive|tomsucksatpiano has 20 seconds left.\n|inactive|tomsucksatpiano has 15 seconds left.\n|inactive|tomsucksatpiano has 10 seconds left.\n|\n|t:|1685415833\n|move|p2a: Barraskewda|Liquidation|p1a: Lunala\n|-damage|p1a: Lunala|63/316\n|-unboost|p1a: Lunala|def|1\n|move|p1a: Lunala|Roost|p1a: Lunala\n|-heal|p1a: Lunala|221/316\n|-singleturn|p1a: Lunala|move: Roost\n|\n|-heal|p1a: Lunala|240/316|[from] item: Leftovers\n|upkeep\n|turn|32\n|inactive|tomsucksatpiano has 20 seconds left this turn.\n|inactive|tomsucksatpiano has 15 seconds left.\n|\n|t:|1685415843\n|switch|p1a: Exeggutor|Exeggutor-Alola, L87, M|166/307\n|-item|p2a: Barraskewda|Choice Band|[from] ability: Frisk|[of] p1a: Exeggutor|[identify]\n|move|p2a: Barraskewda|Liquidation|p1a: Exeggutor\n|-resisted|p1a: Exeggutor\n|-damage|p1a: Exeggutor|128/307\n|\n|upkeep\n|turn|33\n|inactive|tomsucksatpiano has 25 seconds left this turn.\n|inactive|tomsucksatpiano has 20 seconds left.\n|inactive|tomsucksatpiano has 15 seconds left.\n|inactive|tomsucksatpiano has 10 seconds left.\n|\n|t:|1685415859\n|switch|p2a: Azelf|Azelf, L82|232/257\n|move|p1a: Exeggutor|Trick Room|p1a: Exeggutor\n|-fieldstart|move: Trick Room|[of] p1a: Exeggutor\n|\n|upkeep\n|turn|34\n|inactive|tomsucksatpiano has 20 seconds left this turn.\n|inactive|tomsucksatpiano has 15 seconds left.\n|inactive|tomsucksatpiano has 10 seconds left.\n|\n|t:|1685415873\n|switch|p2a: Shedinja|Shedinja, L88|1/1\n|move|p1a: Exeggutor|Giga Drain|p2a: Shedinja\n|-immune|p2a: Shedinja|[from] ability: Wonder Guard\n|\n|upkeep\n|turn|35\n|inactive|tomsucksatpiano has 20 seconds left this turn.\n|inactive|tomsucksatpiano has 15 seconds left.\n|\n|t:|1685415880\n|move|p1a: Exeggutor|Flamethrower|p2a: Shedinja\n|-supereffective|p2a: Shedinja\n|-damage|p2a: Shedinja|0 fnt\n|faint|p2a: Shedinja\n|-damage|p1a: Exeggutor|98/307|[from] item: Life Orb\n|\n|upkeep\n|inactive|tomsucksatpiano has 20 seconds left this turn.\n|inactive|tomsucksatpiano has 15 seconds left.\n|inactive|tomsucksatpiano has 10 seconds left.\n|\n|t:|1685415891\n|switch|p2a: Azelf|Azelf, L82|232/257\n|turn|36\n|inactive|tomsucksatpiano has 20 seconds left this turn.\n|inactive|sharp_claw has 60 seconds left.\n|inactive|tomsucksatpiano has 15 seconds left.\n|\n|t:|1685415902\n|move|p1a: Exeggutor|Giga Drain|p2a: Azelf\n|-damage|p2a: Azelf|63/257\n|-heal|p1a: Exeggutor|183/307|[from] drain|[of] p2a: Azelf\n|-damage|p1a: Exeggutor|153/307|[from] item: Life Orb\n|move|p2a: Azelf|Dazzling Gleam|p1a: Exeggutor\n|-supereffective|p1a: Exeggutor\n|-damage|p1a: Exeggutor|0 fnt\n|faint|p1a: Exeggutor\n|-damage|p2a: Azelf|38/257|[from] item: Life Orb\n|\n|upkeep\n|inactive|tomsucksatpiano has 20 seconds left this turn.\n|\n|t:|1685415905\n|switch|p1a: Weavile|Weavile, L79, F|240/240\n|turn|37\n|inactive|tomsucksatpiano has 30 seconds left this turn.\n|inactive|tomsucksatpiano has 20 seconds left.\n|inactive|tomsucksatpiano has 15 seconds left.\n|\n|t:|1685415924\n|move|p1a: Weavile|Ice Shard|p2a: Azelf\n|-damage|p2a: Azelf|0 fnt\n|faint|p2a: Azelf\n|\n|-fieldend|move: Trick Room\n|upkeep\n|inactive|tomsucksatpiano has 20 seconds left this turn.\n|inactive|tomsucksatpiano has 15 seconds left.\n|\n|t:|1685415930\n|switch|p2a: Barraskewda|Barraskewda, L80, F|78/229\n|turn|38\n|inactive|tomsucksatpiano has 25 seconds left this turn.\n|inactive|tomsucksatpiano has 20 seconds left.\n|\n|t:|1685415938\n|move|p1a: Weavile|Ice Shard|p2a: Barraskewda\n|-resisted|p2a: Barraskewda\n|-damage|p2a: Barraskewda|50/229\n|move|p2a: Barraskewda|Liquidation|p1a: Weavile\n|-damage|p1a: Weavile|38/240\n|\n|upkeep\n|turn|39\n|inactive|tomsucksatpiano has 30 seconds left this turn.\n|\n|t:|1685415945\n|move|p1a: Weavile|Ice Shard|p2a: Barraskewda\n|-resisted|p2a: Barraskewda\n|-damage|p2a: Barraskewda|18/229\n|move|p2a: Barraskewda|Liquidation|p1a: Weavile\n|-damage|p1a: Weavile|0 fnt\n|faint|p1a: Weavile\n|\n|upkeep\n|inactive|tomsucksatpiano has 30 seconds left this turn.\n|\n|t:|1685415947\n|switch|p1a: Lunala|Lunala, L72|240/316\n|turn|40\n|\n|t:|1685415955\n|move|p2a: Barraskewda|Liquidation|p1a: Lunala\n|-crit|p1a: Lunala\n|-damage|p1a: Lunala|0 fnt\n|faint|p1a: Lunala\n|\n|win|tomsucksatpiano\n|c|\u2606sharp_claw|risked a crit, foolishly...\n|c|\u2606sharp_claw|omg\n|c|\u2606tomsucksatpiano|WOW\n|c|\u2606sharp_claw|it happened\n|c|\u2606sharp_claw|lmao\n|c|\u2606sharp_claw|ggs\n|c|\u2606tomsucksatpiano|i did NOT deserve that win\n|c|\u2606tomsucksatpiano|sorry\n|c|\u2606tomsucksatpiano|ggwp\n|c|\u2606sharp_claw|ggs\n|c|\u2606tomsucksatpiano|i was so lost in that endgame due to time trouble\n|c|\u2606sharp_claw|I shoulda been smart w/weavile\n|c|\u2606sharp_claw|it was my mistake to give you the extra chance to crit\n|c|\u2606tomsucksatpiano|yeah i guess you're right\n|c|\u2606tomsucksatpiano|still though, wp wp\n|c|\u2606sharp_claw|gl in the rest!\n|c|\u2606tomsucksatpiano|thanks! i'll need it lol\n", "inputlog": ">version 6fec31d5a0d4498a06105aa188c9906bc0b6bf95\n>start {\"formatid\":\"gen8randombattle\",\"seed\":[11919,11727,63348,59426]}\n>player p1 {\"name\":\"sharp_claw\",\"avatar\":\"#teamvictini\",\"rating\":0,\"seed\":[57403,43632,36736,2756]}\n>player p2 {\"name\":\"tomsucksatpiano\",\"avatar\":\"gamer-gen3\",\"rating\":0,\"seed\":[50496,28567,59516,14621]}\n>chat \u2606sharp_claw|hf :D\n>chat \u2606tomsucksatpiano|u 2 :))\n>p1 switch 3\n>p2 switch 5\n>p1 switch 2\n>p2 move poltergeist\n>p1 move knockoff\n>p2 switch 4\n>chat \u2606sharp_claw|spiderman pointing dot png\n>chat \u2606tomsucksatpiano|skdfhskfhsjkf\n>chat \u2606tomsucksatpiano|da bois\n>p1 switch 6\n>p2 move uturn\n>p2 switch 3\n>p1 switch 4\n>p2 move boomburst\n>p1 move earthquake\n>p2 switch 3\n>p1 switch 6\n>p2 switch 6\n>p1 move knockoff\n>p2 switch 6\n>p1 switch 6\n>p2 move uturn\n>p2 switch 5\n>p1 switch 2\n>p2 move closecombat\n>p1 switch 3\n>p2 switch 4\n>p1 switch 6\n>p2 switch 3\n>p1 move knockoff\n>p2 move boomburst\n>p1 switch 2\n>p2 switch 5\n>p1 switch 2\n>p2 switch 3\n>p1 move earthquake\n>p2 switch 3\n>chat \u2606tomsucksatpiano|wp\n>p1 switch 4\n>p2 switch 3\n>p1 move flamethrower\n>p2 switch 5\n>p1 switch 2\n>p2 move boomburst\n>p1 move ironhead\n>p2 move boomburst\n>p2 switch 6\n>p1 move rapidspin\n>p2 move dazzlinggleam\n>p1 switch 5\n>p1 move knockoff\n>p2 switch 3\n>p2 switch 4\n>p1 switch 6\n>p2 switch 2\n>p1 move moongeistbeam\n>p2 move swordsdance\n>p1 switch 4\n>p2 move shadowclaw dynamax\n>chat \u2606tomsucksatpiano|i forgot moongeist beam has built in mold breaker\n>chat \u2606tomsucksatpiano|thought i was so slick\n>chat \u2606sharp_claw|it's so weird\n>p1 switch 3\n>p1 move healingwish\n>p2 move playrough dynamax\n>p1 switch 2\n>p1 move trickroom dynamax\n>p2 move playrough dynamax\n>p1 move gigadrain dynamax\n>p2 move playrough\n>p2 switch 5\n>p1 switch 4\n>p2 switch 2\n>p1 move moongeistbeam\n>p2 move liquidation\n>p1 move roost\n>p2 move liquidation\n>p1 switch 4\n>p2 move liquidation\n>p1 move trickroom\n>p2 switch 3\n>p1 move gigadrain\n>p2 switch 2\n>p1 move flamethrower\n>p2 move xscissor\n>p2 switch 2\n>p1 move gigadrain\n>p2 move dazzlinggleam\n>p1 switch 6\n>p1 move iceshard\n>p2 move fireblast\n>p2 switch 3\n>p1 move iceshard\n>p2 move liquidation\n>p1 move iceshard\n>p2 move liquidation\n>p1 switch 4\n>p1 move psyshock\n>p2 move liquidation", "uploadtime": 1685416046, "views": 16, "p1id": "sharpclaw", "p2id": "tomsucksatpiano", "formatid": "gen8randombattle", "rating": 0, "private": 0, "password": ""}