{"id": "gen8randombattle-1874531710", "p1": "DerpyFlareon", "p2": "Jacknightdragon", "format": "[Gen 8] Random Battle", "log": "|j|\u2606DerpyFlareon\n|j|\u2606Jacknightdragon\n|t:|1685506319\n|gametype|singles\n|player|p1|DerpyFlareon|cynthia|\n|player|p2|Jacknightdragon|hilbert-wonderlauncher|\n|teamsize|p1|6\n|teamsize|p2|6\n|gen|8\n|tier|[Gen 8] Random Battle\n|rule|Species Clause: Limit one of each Pok\u00e9mon\n|rule|HP Percentage Mod: HP is shown in percentages\n|rule|Sleep Clause Mod: Limit one foe put to sleep\n|\n|t:|1685506319\n|start\n|switch|p1a: Giratina|Giratina-Origin, L74|344/344\n|switch|p2a: Cresselia|Cresselia, L80, F|323/323\n|turn|1\n|j| deeplyunderground\n|\n|t:|1685506580\n|move|p2a: Cresselia|Moonblast|p1a: Giratina\n|-supereffective|p1a: Giratina\n|-damage|p1a: Giratina|246/344\n|-unboost|p1a: Giratina|spa|1\n|move|p1a: Giratina|Hone Claws|p1a: Giratina\n|-boost|p1a: Giratina|atk|1\n|-boost|p1a: Giratina|accuracy|1\n|\n|upkeep\n|turn|2\n|\n|t:|1685506591\n|move|p2a: Cresselia|Toxic|p1a: Giratina\n|-status|p1a: Giratina|tox\n|move|p1a: Giratina|Poltergeist|p2a: Cresselia\n|-activate|p2a: Cresselia|move: Poltergeist|Leftovers\n|-supereffective|p2a: Cresselia\n|-damage|p2a: Cresselia|0 fnt\n|faint|p2a: Cresselia\n|\n|-damage|p1a: Giratina|225/344 tox|[from] psn\n|upkeep\n|\n|t:|1685506610\n|switch|p2a: Morpeko|Morpeko, L86, F|240/240\n|turn|3\n|\n|t:|1685506635\n|move|p2a: Morpeko|Foul Play|p1a: Giratina\n|-supereffective|p1a: Giratina\n|-damage|p1a: Giratina|0 fnt\n|faint|p1a: Giratina\n|\n|-formechange|p2a: Morpeko|Morpeko-Hangry||[from] ability: Hunger Switch\n|upkeep\n|\n|t:|1685506644\n|switch|p1a: Grimmsnarl|Grimmsnarl, L82, M|290/290\n|turn|4\n|\n|t:|1685506659\n|move|p1a: Grimmsnarl|Reflect|p1a: Grimmsnarl\n|-sidestart|p1: DerpyFlareon|Reflect\n|move|p2a: Morpeko|Parting Shot|p1a: Grimmsnarl\n|-unboost|p1a: Grimmsnarl|atk|1\n|-unboost|p1a: Grimmsnarl|spa|1\n|\n|t:|1685506670\n|switch|p2a: Volcarona|Volcarona, L76, M|254/254|[from] Parting Shot\n|\n|upkeep\n|turn|5\n|\n|t:|1685506675\n|move|p1a: Grimmsnarl|Light Screen|p1a: Grimmsnarl\n|-sidestart|p1: DerpyFlareon|move: Light Screen\n|move|p2a: Volcarona|Quiver Dance|p2a: Volcarona\n|-boost|p2a: Volcarona|spa|1\n|-boost|p2a: Volcarona|spd|1\n|-boost|p2a: Volcarona|spe|1\n|\n|upkeep\n|turn|6\n|\n|t:|1685506681\n|move|p1a: Grimmsnarl|Thunder Wave|p2a: Volcarona\n|-status|p2a: Volcarona|par\n|move|p2a: Volcarona|Quiver Dance|p2a: Volcarona\n|-boost|p2a: Volcarona|spa|1\n|-boost|p2a: Volcarona|spd|1\n|-boost|p2a: Volcarona|spe|1\n|\n|upkeep\n|turn|7\n|\n|t:|1685506688\n|move|p2a: Volcarona|Quiver Dance|p2a: Volcarona\n|-boost|p2a: Volcarona|spa|1\n|-boost|p2a: Volcarona|spd|1\n|-boost|p2a: Volcarona|spe|1\n|move|p1a: Grimmsnarl|Spirit Break|p2a: Volcarona\n|-resisted|p2a: Volcarona\n|-damage|p2a: Volcarona|216/254 par\n|-unboost|p2a: Volcarona|spa|1\n|\n|upkeep\n|turn|8\n|\n|t:|1685506696\n|switch|p1a: Milotic|Milotic, L82, M|290/290\n|move|p2a: Volcarona|Bug Buzz|p1a: Milotic\n|-damage|p1a: Milotic|217/290\n|\n|-heal|p1a: Milotic|235/290|[from] item: Leftovers\n|upkeep\n|turn|9\n|\n|t:|1685506708\n|-start|p2a: Volcarona|Dynamax|\n|-heal|p2a: Volcarona|432/508 par|[silent]\n|move|p2a: Volcarona|Max Flutterby|p1a: Milotic\n|-damage|p1a: Milotic|130/290\n|-unboost|p1a: Milotic|spa|1\n|-ability|p1a: Milotic|Competitive|boost\n|-boost|p1a: Milotic|spa|2\n|move|p1a: Milotic|Haze|p1a: Milotic\n|-clearallboost\n|\n|-heal|p1a: Milotic|148/290|[from] item: Leftovers\n|upkeep\n|turn|10\n|\n|t:|1685506720\n|move|p1a: Milotic|Recover|p1a: Milotic\n|-heal|p1a: Milotic|290/290\n|cant|p2a: Volcarona|par\n|\n|upkeep\n|turn|11\n|\n|t:|1685506745\n|move|p1a: Milotic|Scald|p2a: Volcarona\n|-supereffective|p2a: Volcarona\n|-damage|p2a: Volcarona|274/508 par\n|move|p2a: Volcarona|Max Flare|p1a: Milotic\n|-resisted|p1a: Milotic\n|-damage|p1a: Milotic|260/290\n|-weather|SunnyDay\n|\n|-weather|SunnyDay|[upkeep]\n|-heal|p1a: Milotic|278/290|[from] item: Leftovers\n|-sideend|p1: DerpyFlareon|Reflect\n|upkeep\n|-end|p2a: Volcarona|Dynamax\n|-heal|p2a: Volcarona|137/254 par|[silent]\n|turn|12\n|\n|t:|1685506762\n|move|p1a: Milotic|Scald|p2a: Volcarona\n|-supereffective|p2a: Volcarona\n|-damage|p2a: Volcarona|53/254 par\n|cant|p2a: Volcarona|par\n|\n|-weather|SunnyDay|[upkeep]\n|-heal|p1a: Milotic|290/290|[from] item: Leftovers\n|-sideend|p1: DerpyFlareon|move: Light Screen\n|upkeep\n|turn|13\n|\n|t:|1685506771\n|move|p1a: Milotic|Scald|p2a: Volcarona\n|-supereffective|p2a: Volcarona\n|-damage|p2a: Volcarona|0 fnt\n|faint|p2a: Volcarona\n|\n|-weather|SunnyDay|[upkeep]\n|upkeep\n|\n|t:|1685506777\n|switch|p2a: Morpeko|Morpeko, L86, F|240/240\n|turn|14\n|\n|t:|1685506785\n|switch|p1a: Shedinja|Shedinja, L88|1/1\n|move|p2a: Morpeko|Aura Wheel|p1a: Shedinja\n|-immune|p1a: Shedinja|[from] ability: Wonder Guard\n|\n|-weather|SunnyDay|[upkeep]\n|-formechange|p2a: Morpeko|Morpeko-Hangry||[from] ability: Hunger Switch\n|upkeep\n|turn|15\n|\n|t:|1685506795\n|switch|p1a: Grimmsnarl|Grimmsnarl, L82, M|290/290\n|move|p2a: Morpeko|Foul Play|p1a: Grimmsnarl\n|-resisted|p1a: Grimmsnarl\n|-damage|p1a: Grimmsnarl|249/290\n|\n|-weather|none\n|-formechange|p2a: Morpeko|Morpeko||[from] ability: Hunger Switch\n|upkeep\n|turn|16\n|\n|t:|1685506804\n|move|p2a: Morpeko|Protect|p2a: Morpeko\n|-singleturn|p2a: Morpeko|Protect\n|move|p1a: Grimmsnarl|Reflect|p1a: Grimmsnarl\n|-sidestart|p1: DerpyFlareon|Reflect\n|\n|-formechange|p2a: Morpeko|Morpeko-Hangry||[from] ability: Hunger Switch\n|upkeep\n|turn|17\n|\n|t:|1685506809\n|move|p2a: Morpeko|Aura Wheel|p1a: Grimmsnarl\n|-resisted|p1a: Grimmsnarl\n|-damage|p1a: Grimmsnarl|231/290\n|-boost|p2a: Morpeko|spe|1\n|move|p1a: Grimmsnarl|Spirit Break|p2a: Morpeko\n|-supereffective|p2a: Morpeko\n|-damage|p2a: Morpeko|4/240\n|-unboost|p2a: Morpeko|spa|1\n|\n|-heal|p2a: Morpeko|19/240|[from] item: Leftovers\n|-formechange|p2a: Morpeko|Morpeko||[from] ability: Hunger Switch\n|upkeep\n|turn|18\n|\n|t:|1685506825\n|move|p2a: Morpeko|Protect|p2a: Morpeko\n|-singleturn|p2a: Morpeko|Protect\n|move|p1a: Grimmsnarl|Spirit Break|p2a: Morpeko\n|-activate|p2a: Morpeko|move: Protect\n|\n|-heal|p2a: Morpeko|34/240|[from] item: Leftovers\n|-formechange|p2a: Morpeko|Morpeko-Hangry||[from] ability: Hunger Switch\n|upkeep\n|turn|19\n|\n|t:|1685506832\n|move|p2a: Morpeko|Parting Shot|p1a: Grimmsnarl\n|-unboost|p1a: Grimmsnarl|atk|1\n|-unboost|p1a: Grimmsnarl|spa|1\n|\n|t:|1685506836\n|switch|p2a: Ninetales|Ninetales, L82, M|254/254|[from] Parting Shot\n|-weather|SunnyDay|[from] ability: Drought|[of] p2a: Ninetales\n|move|p1a: Grimmsnarl|Spirit Break|p2a: Ninetales\n|-resisted|p2a: Ninetales\n|-damage|p2a: Ninetales|218/254\n|-unboost|p2a: Ninetales|spa|1\n|\n|-weather|SunnyDay|[upkeep]\n|upkeep\n|turn|20\n|\n|t:|1685506847\n|move|p1a: Grimmsnarl|Light Screen|p1a: Grimmsnarl\n|-sidestart|p1: DerpyFlareon|move: Light Screen\n|move|p2a: Ninetales|Nasty Plot|p2a: Ninetales\n|-boost|p2a: Ninetales|spa|2\n|\n|-weather|SunnyDay|[upkeep]\n|upkeep\n|turn|21\n|\n|t:|1685506852\n|move|p1a: Grimmsnarl|Thunder Wave|p2a: Ninetales|[miss]\n|-miss|p1a: Grimmsnarl|p2a: Ninetales\n|move|p2a: Ninetales|Fire Blast|p1a: Grimmsnarl\n|-damage|p1a: Grimmsnarl|113/290\n|\n|-weather|SunnyDay|[upkeep]\n|upkeep\n|turn|22\n|\n|t:|1685506858\n|move|p2a: Ninetales|Fire Blast|p1a: Grimmsnarl\n|-damage|p1a: Grimmsnarl|0 fnt\n|faint|p1a: Grimmsnarl\n|\n|-weather|SunnyDay|[upkeep]\n|upkeep\n|\n|t:|1685506865\n|switch|p1a: Keldeo|Keldeo-Resolute, L79|273/273\n|turn|23\n|\n|t:|1685506870\n|move|p1a: Keldeo|Substitute|p1a: Keldeo\n|-start|p1a: Keldeo|Substitute\n|-damage|p1a: Keldeo|205/273\n|move|p2a: Ninetales|Solar Beam||[still]\n|-prepare|p2a: Ninetales|Solar Beam\n|-anim|p2a: Ninetales|Solar Beam|p1a: Keldeo\n|-supereffective|p1a: Keldeo\n|-end|p1a: Keldeo|Substitute\n|\n|-weather|none\n|-heal|p1a: Keldeo|222/273|[from] item: Leftovers\n|-sideend|p1: DerpyFlareon|Reflect\n|upkeep\n|turn|24\n|\n|t:|1685506883\n|switch|p2a: Morpeko|Morpeko, L86, F|34/240\n|move|p1a: Keldeo|Substitute|p1a: Keldeo\n|-start|p1a: Keldeo|Substitute\n|-damage|p1a: Keldeo|154/273\n|\n|-heal|p1a: Keldeo|171/273|[from] item: Leftovers\n|-heal|p2a: Morpeko|49/240|[from] item: Leftovers\n|-formechange|p2a: Morpeko|Morpeko-Hangry||[from] ability: Hunger Switch\n|upkeep\n|turn|25\n|\n|t:|1685506897\n|move|p1a: Keldeo|Calm Mind|p1a: Keldeo\n|-boost|p1a: Keldeo|spa|1\n|-boost|p1a: Keldeo|spd|1\n|move|p2a: Morpeko|Aura Wheel|p1a: Keldeo\n|-resisted|p1a: Keldeo\n|-activate|p1a: Keldeo|move: Substitute|[damage]\n|-boost|p2a: Morpeko|spe|1\n|\n|-heal|p2a: Morpeko|64/240|[from] item: Leftovers\n|-heal|p1a: Keldeo|188/273|[from] item: Leftovers\n|-formechange|p2a: Morpeko|Morpeko||[from] ability: Hunger Switch\n|upkeep\n|turn|26\n|\n|t:|1685506914\n|move|p2a: Morpeko|Aura Wheel|p1a: Keldeo\n|-supereffective|p1a: Keldeo\n|-end|p1a: Keldeo|Substitute\n|-boost|p2a: Morpeko|spe|1\n|move|p1a: Keldeo|Secret Sword|p2a: Morpeko\n|-supereffective|p2a: Morpeko\n|-damage|p2a: Morpeko|0 fnt\n|faint|p2a: Morpeko\n|\n|-heal|p1a: Keldeo|205/273|[from] item: Leftovers\n|upkeep\n|\n|t:|1685506927\n|switch|p2a: Scyther|Scyther, L81, F|246/246\n|turn|27\n|\n|t:|1685506936\n|-start|p1a: Keldeo|Dynamax|\n|-heal|p1a: Keldeo|410/546|[silent]\n|move|p2a: Scyther|Dual Wingbeat|p1a: Keldeo\n|-supereffective|p1a: Keldeo\n|-damage|p1a: Keldeo|278/546\n|-supereffective|p1a: Keldeo\n|-damage|p1a: Keldeo|144/546\n|-hitcount|p1a: Keldeo|2\n|move|p1a: Keldeo|Max Geyser|p2a: Scyther\n|-damage|p2a: Scyther|0 fnt\n|-weather|RainDance\n|faint|p2a: Scyther\n|\n|-weather|RainDance|[upkeep]\n|-heal|p1a: Keldeo|161/546|[from] item: Leftovers\n|-sideend|p1: DerpyFlareon|move: Light Screen\n|upkeep\n|\n|t:|1685506952\n|switch|p2a: Ninetales|Ninetales, L82, M|218/254\n|-weather|SunnyDay|[from] ability: Drought|[of] p2a: Ninetales\n|turn|28\n|\n|t:|1685506960\n|move|p1a: Keldeo|Max Geyser|p2a: Ninetales\n|-supereffective|p2a: Ninetales\n|-damage|p2a: Ninetales|0 fnt\n|-weather|RainDance\n|faint|p2a: Ninetales\n|\n|-weather|RainDance|[upkeep]\n|-heal|p1a: Keldeo|178/546|[from] item: Leftovers\n|upkeep\n|\n|t:|1685506966\n|switch|p2a: Absol|Absol, L84, F|246/246\n|turn|29\n|\n|t:|1685506974\n|move|p1a: Keldeo|Max Knuckle|p2a: Absol\n|-supereffective|p2a: Absol\n|-damage|p2a: Absol|0 fnt\n|-boost|p1a: Keldeo|atk|1\n|faint|p2a: Absol\n|\n|win|DerpyFlareon\n", "inputlog": ">version d94486096666f9f03053a01e17a1c7fdbd408dfa\n>start {\"formatid\":\"gen8randombattle\",\"seed\":[46765,2049,8200,17914]}\n>player p1 {\"name\":\"DerpyFlareon\",\"avatar\":\"cynthia\",\"rating\":0,\"seed\":[59658,8764,34156,20287]}\n>player p2 {\"name\":\"Jacknightdragon\",\"avatar\":\"hilbert-wonderlauncher\",\"rating\":0,\"seed\":[52726,14432,31375,65262]}\n>p1 move honeclaws\n>p2 move moonblast\n>p1 move poltergeist\n>p2 move toxic\n>p2 switch 6\n>p1 move outrage\n>p2 move foulplay\n>p1 switch 2\n>p1 move reflect\n>p2 move partingshot\n>p2 switch 4\n>p1 move lightscreen\n>p2 move quiverdance\n>p1 move thunderwave\n>p2 move quiverdance\n>p1 move spiritbreak\n>p2 move quiverdance\n>p1 switch 4\n>p2 move bugbuzz\n>p1 move haze\n>p2 move bugbuzz dynamax\n>p1 move recover\n>p2 move gigadrain dynamax\n>p1 move scald\n>p2 move fireblast dynamax\n>p1 move scald\n>p2 move gigadrain\n>p1 move scald\n>p2 move gigadrain\n>p2 switch 4\n>p1 switch 5\n>p2 move aurawheel\n>p1 switch 4\n>p2 move foulplay\n>p1 move reflect\n>p2 move protect\n>p1 move spiritbreak\n>p2 move aurawheel\n>p1 move spiritbreak\n>p2 move protect\n>p1 move spiritbreak\n>p2 move partingshot\n>p2 switch 3\n>p1 move lightscreen\n>p2 move nastyplot\n>p1 move thunderwave\n>p2 move fireblast\n>p1 move spiritbreak\n>p2 move fireblast\n>p1 switch 3\n>p1 move substitute\n>p2 move solarbeam\n>p1 move substitute\n>p2 switch 3\n>p1 move calmmind\n>p2 move aurawheel\n>p1 move secretsword\n>p2 move aurawheel\n>p2 switch 5\n>p1 move hydropump dynamax\n>p2 move dualwingbeat\n>p2 switch 3\n>p1 move hydropump dynamax\n>p2 move solarbeam\n>p2 switch 2\n>p1 move secretsword dynamax\n>p2 move knockoff", "uploadtime": 1685506981, "views": 4, "p1id": "derpyflareon", "p2id": "jacknightdragon", "formatid": "gen8randombattle", "rating": 0, "private": 0, "password": ""}