|j|☆Brendanpal
|j|☆Chinmay pal
|t:|1685528567
|gametype|singles
|player|p1|Brendanpal|265|
|player|p2|Chinmay pal|1|
|teamsize|p1|6
|teamsize|p2|6
|gen|8
|tier|[Gen 8] Random Battle
|rule|Species Clause: Limit one of each Pokémon
|rule|HP Percentage Mod: HP is shown in percentages
|rule|Sleep Clause Mod: Limit one foe put to sleep
|
|t:|1685528567
|start
|switch|p1a: Tangrowth|Tangrowth, L84, F|305/305
|switch|p2a: Orbeetle|Orbeetle, L86, M|243/243
|-item|p1a: Tangrowth|Rocky Helmet|[from] ability: Frisk|[of] p2a: Orbeetle|[identify]
|turn|1
|inactive|Battle timer is ON: inactive players will automatically lose when time's up. (requested by Brendanpal)
|
|t:|1685528576
|move|p2a: Orbeetle|Bug Buzz|p1a: Tangrowth
|-supereffective|p1a: Tangrowth
|-damage|p1a: Tangrowth|33/305
|move|p1a: Tangrowth|Sleep Powder|p2a: Orbeetle
|-status|p2a: Orbeetle|slp|[from] move: Sleep Powder
|
|upkeep
|turn|2
|
|t:|1685528584
|cant|p2a: Orbeetle|slp
|move|p1a: Tangrowth|Leech Seed|p2a: Orbeetle
|-start|p2a: Orbeetle|move: Leech Seed
|
|-damage|p2a: Orbeetle|213/243 slp|[from] Leech Seed|[of] p1a: Tangrowth
|-heal|p1a: Tangrowth|63/305|[silent]
|upkeep
|turn|3
|
|t:|1685528591
|switch|p2a: Tauros|Tauros, L82, M|257/257
|move|p1a: Tangrowth|Knock Off|p2a: Tauros
|-damage|p2a: Tauros|186/257
|-enditem|p2a: Tauros|Life Orb|[from] move: Knock Off|[of] p1a: Tangrowth
|
|upkeep
|turn|4
|
|t:|1685528610
|switch|p1a: Dugtrio|Dugtrio-Alola, L82, F|192/192
|move|p2a: Tauros|Zen Headbutt|p1a: Dugtrio
|-resisted|p1a: Dugtrio
|-damage|p1a: Dugtrio|141/192
|-ability|p1a: Dugtrio|Tangling Hair
|-unboost|p2a: Tauros|spe|1
|
|upkeep
|turn|5
|
|t:|1685528617
|move|p1a: Dugtrio|Stealth Rock|p2a: Tauros
|-sidestart|p2: Chinmay pal|move: Stealth Rock
|move|p2a: Tauros|Body Slam|p1a: Dugtrio
|-resisted|p1a: Dugtrio
|-damage|p1a: Dugtrio|66/192
|-ability|p1a: Dugtrio|Tangling Hair
|-unboost|p2a: Tauros|spe|1
|
|upkeep
|turn|6
|
|t:|1685528627
|move|p1a: Dugtrio|Iron Head|p2a: Tauros
|-damage|p2a: Tauros|87/257
|-damage|p1a: Dugtrio|47/192|[from] item: Life Orb
|move|p2a: Tauros|Body Slam|p1a: Dugtrio
|-resisted|p1a: Dugtrio
|-damage|p1a: Dugtrio|0 fnt
|-ability|p1a: Dugtrio|Tangling Hair
|-unboost|p2a: Tauros|spe|1
|faint|p1a: Dugtrio
|
|upkeep
|
|t:|1685528645
|switch|p1a: Xerneas|Xerneas, L67|280/280
|-ability|p1a: Xerneas|Fairy Aura
|turn|7
|
|t:|1685528655
|move|p1a: Xerneas|Moonblast|p2a: Tauros
|-damage|p2a: Tauros|0 fnt
|faint|p2a: Tauros
|
|upkeep
|
|t:|1685528667
|switch|p2a: Slowbro|Slowbro, L84, M|297/297
|-damage|p2a: Slowbro|260/297|[from] Stealth Rock
|turn|8
|
|t:|1685528674
|switch|p1a: Tangrowth|Tangrowth, L84, F|164/305
|move|p2a: Slowbro|Thunder Wave|p1a: Tangrowth
|-status|p1a: Tangrowth|par
|
|-heal|p2a: Slowbro|278/297|[from] item: Leftovers
|upkeep
|turn|9
|
|t:|1685528680
|move|p2a: Slowbro|Slack Off|p2a: Slowbro
|-heal|p2a: Slowbro|297/297
|move|p1a: Tangrowth|Leech Seed|p2a: Slowbro
|-start|p2a: Slowbro|move: Leech Seed
|
|-damage|p2a: Slowbro|260/297|[from] Leech Seed|[of] p1a: Tangrowth
|-heal|p1a: Tangrowth|201/305 par|[silent]
|upkeep
|turn|10
|
|t:|1685528687
|switch|p2a: Orbeetle|Orbeetle, L86, M|213/243 slp
|-item|p1a: Tangrowth|Rocky Helmet|[from] ability: Frisk|[of] p2a: Orbeetle|[identify]
|move|p1a: Tangrowth|Knock Off|p2a: Orbeetle
|-supereffective|p2a: Orbeetle
|-damage|p2a: Orbeetle|107/243 slp
|-enditem|p2a: Orbeetle|Heavy-Duty Boots|[from] move: Knock Off|[of] p1a: Tangrowth
|
|upkeep
|turn|11
|
|t:|1685528699
|cant|p2a: Orbeetle|slp
|cant|p1a: Tangrowth|par
|
|upkeep
|turn|12
|inactive|Brendanpal has 270 seconds left.
|
|t:|1685528734
|cant|p2a: Orbeetle|slp
|move|p1a: Tangrowth|Knock Off|p2a: Orbeetle
|-supereffective|p2a: Orbeetle
|-damage|p2a: Orbeetle|33/243 slp
|
|upkeep
|turn|13
|inactive|Brendanpal has 270 seconds left.
|
|t:|1685528741
|-curestatus|p2a: Orbeetle|slp|[msg]
|move|p2a: Orbeetle|Bug Buzz|p1a: Tangrowth
|-supereffective|p1a: Tangrowth
|-damage|p1a: Tangrowth|0 fnt
|faint|p1a: Tangrowth
|
|upkeep
|inactive|Brendanpal has 270 seconds left.
|
|t:|1685528754
|switch|p1a: Xerneas|Xerneas, L67|280/280
|-ability|p1a: Xerneas|Fairy Aura
|turn|14
|inactive|Brendanpal has 270 seconds left.
|
|t:|1685528766
|move|p1a: Xerneas|Moonblast|p2a: Orbeetle
|-damage|p2a: Orbeetle|0 fnt
|faint|p2a: Orbeetle
|
|upkeep
|
|t:|1685528769
|switch|p2a: Slowbro|Slowbro, L84, M|297/297
|-damage|p2a: Slowbro|260/297|[from] Stealth Rock
|turn|15
|
|t:|1685528780
|switch|p1a: Heliolisk|Heliolisk, L82, F|236/236
|move|p2a: Slowbro|Thunder Wave|p1a: Heliolisk
|-immune|p1a: Heliolisk
|
|-heal|p2a: Slowbro|278/297|[from] item: Leftovers
|upkeep
|turn|16
|
|t:|1685528803
|switch|p2a: Tapu Bulu|Tapu Bulu, L82|249/249
|-damage|p2a: Tapu Bulu|218/249|[from] Stealth Rock
|-fieldstart|move: Grassy Terrain|[from] ability: Grassy Surge|[of] p2a: Tapu Bulu
|move|p1a: Heliolisk|Glare|p2a: Tapu Bulu
|-status|p2a: Tapu Bulu|par
|
|-heal|p2a: Tapu Bulu|233/249 par|[from] Grassy Terrain
|upkeep
|turn|17
|
|t:|1685528825
|switch|p1a: Lickilicky|Lickilicky, L86, M|329/329
|move|p2a: Tapu Bulu|Stone Edge|p1a: Lickilicky|[miss]
|-miss|p2a: Tapu Bulu|p1a: Lickilicky
|
|-heal|p2a: Tapu Bulu|248/249 par|[from] Grassy Terrain
|upkeep
|turn|18
|
|t:|1685528839
|move|p1a: Lickilicky|Body Slam|p2a: Tapu Bulu
|-damage|p2a: Tapu Bulu|133/249 par
|move|p2a: Tapu Bulu|Close Combat|p1a: Lickilicky
|-supereffective|p1a: Lickilicky
|-damage|p1a: Lickilicky|108/329
|-unboost|p2a: Tapu Bulu|def|1
|-unboost|p2a: Tapu Bulu|spd|1
|-damage|p2a: Tapu Bulu|109/249 par|[from] item: Life Orb
|
|-heal|p1a: Lickilicky|128/329|[from] Grassy Terrain
|-heal|p2a: Tapu Bulu|124/249 par|[from] Grassy Terrain
|upkeep
|turn|19
|
|t:|1685528850
|move|p1a: Lickilicky|Body Slam|p2a: Tapu Bulu
|-damage|p2a: Tapu Bulu|0 fnt
|faint|p2a: Tapu Bulu
|
|-heal|p1a: Lickilicky|148/329|[from] Grassy Terrain
|upkeep
|
|t:|1685528854
|switch|p2a: Slowbro|Slowbro, L84, M|297/297
|-damage|p2a: Slowbro|260/297|[from] Stealth Rock
|turn|20
|
|t:|1685528859
|move|p1a: Lickilicky|Body Slam|p2a: Slowbro
|-damage|p2a: Slowbro|160/297
|-status|p2a: Slowbro|par
|cant|p2a: Slowbro|par
|
|-heal|p1a: Lickilicky|168/329|[from] Grassy Terrain
|-heal|p2a: Slowbro|178/297 par|[from] Grassy Terrain
|-heal|p2a: Slowbro|196/297 par|[from] item: Leftovers
|-fieldend|move: Grassy Terrain
|upkeep
|turn|21
|
|t:|1685528868
|move|p1a: Lickilicky|Body Slam|p2a: Slowbro
|-damage|p2a: Slowbro|91/297 par
|move|p2a: Slowbro|Ice Beam|p1a: Lickilicky
|-damage|p1a: Lickilicky|111/329
|-status|p1a: Lickilicky|frz
|
|-heal|p2a: Slowbro|109/297 par|[from] item: Leftovers
|upkeep
|turn|22
|
|t:|1685528874
|cant|p1a: Lickilicky|frz
|move|p2a: Slowbro|Slack Off|p2a: Slowbro
|-heal|p2a: Slowbro|258/297 par
|
|-heal|p2a: Slowbro|276/297 par|[from] item: Leftovers
|upkeep
|turn|23
|
|t:|1685528879
|cant|p1a: Lickilicky|frz
|cant|p2a: Slowbro|par
|
|-heal|p2a: Slowbro|294/297 par|[from] item: Leftovers
|upkeep
|turn|24
|
|t:|1685528883
|cant|p1a: Lickilicky|frz
|move|p2a: Slowbro|Ice Beam|p1a: Lickilicky
|-damage|p1a: Lickilicky|53/329 frz
|
|-heal|p2a: Slowbro|297/297 par|[from] item: Leftovers
|upkeep
|turn|25
|
|t:|1685528887
|cant|p1a: Lickilicky|frz
|move|p2a: Slowbro|Ice Beam|p1a: Lickilicky
|-damage|p1a: Lickilicky|0 fnt
|faint|p1a: Lickilicky
|
|upkeep
|
|t:|1685528900
|switch|p1a: Xurkitree|Xurkitree, L76|251/251
|turn|26
|
|t:|1685528905
|move|p1a: Xurkitree|Thunderbolt|p2a: Slowbro
|-supereffective|p2a: Slowbro
|-damage|p2a: Slowbro|0 fnt
|faint|p2a: Slowbro
|-ability|p1a: Xurkitree|Beast Boost|boost
|-boost|p1a: Xurkitree|spa|1
|
|upkeep
|
|t:|1685528908
|switch|p2a: Zygarde|Zygarde-10%, L82|223/223
|-damage|p2a: Zygarde|210/223|[from] Stealth Rock
|-ability|p2a: Zygarde|Aura Break
|turn|27
|
|t:|1685528930
|switch|p1a: Xerneas|Xerneas, L67|280/280
|-ability|p1a: Xerneas|Fairy Aura
|move|p2a: Zygarde|Thousand Arrows|p1a: Xerneas
|-damage|p1a: Xerneas|142/280
|-damage|p2a: Zygarde|188/223|[from] item: Life Orb
|
|upkeep
|turn|28
|
|t:|1685528949
|move|p1a: Xerneas|Focus Blast|p2a: Zygarde
|-crit|p2a: Zygarde
|-damage|p2a: Zygarde|80/223
|move|p2a: Zygarde|Coil|p2a: Zygarde
|-boost|p2a: Zygarde|atk|1
|-boost|p2a: Zygarde|def|1
|-boost|p2a: Zygarde|accuracy|1
|
|upkeep
|turn|29
|
|t:|1685528958
|move|p2a: Zygarde|Extreme Speed|p1a: Xerneas
|-damage|p1a: Xerneas|11/280
|-damage|p2a: Zygarde|58/223|[from] item: Life Orb
|move|p1a: Xerneas|Focus Blast|p2a: Zygarde
|-damage|p2a: Zygarde|0 fnt
|faint|p2a: Zygarde
|
|upkeep
|
|t:|1685528962
|switch|p2a: Groudon|Groudon, L73|266/266
|-damage|p2a: Groudon|250/266|[from] Stealth Rock
|-weather|SunnyDay|[from] ability: Drought|[of] p2a: Groudon
|turn|30
|
|t:|1685528970
|-start|p2a: Groudon|Dynamax|
|-heal|p2a: Groudon|500/532|[silent]
|move|p1a: Xerneas|Focus Blast|p2a: Groudon
|-crit|p2a: Groudon
|-damage|p2a: Groudon|380/532
|move|p2a: Groudon|Max Quake|p1a: Xerneas
|-damage|p1a: Xerneas|0 fnt
|-boost|p2a: Groudon|spd|1
|faint|p1a: Xerneas
|
|-weather|SunnyDay|[upkeep]
|upkeep
|
|t:|1685528984
|switch|p1a: Heliolisk|Heliolisk, L82, F|236/236
|turn|31
|
|t:|1685529000
|move|p1a: Heliolisk|Surf|p2a: Groudon
|-supereffective|p2a: Groudon
|-damage|p2a: Groudon|315/532
|-damage|p1a: Heliolisk|213/236|[from] item: Life Orb
|move|p2a: Groudon|Max Rockfall|p1a: Heliolisk
|-damage|p1a: Heliolisk|75/236
|-weather|Sandstorm
|
|-weather|Sandstorm|[upkeep]
|-damage|p1a: Heliolisk|61/236|[from] Sandstorm
|upkeep
|turn|32
|
|t:|1685529014
|move|p1a: Heliolisk|Surf|p2a: Groudon
|-supereffective|p2a: Groudon
|-damage|p2a: Groudon|195/532
|-damage|p1a: Heliolisk|38/236|[from] item: Life Orb
|move|p2a: Groudon|Max Rockfall|p1a: Heliolisk
|-damage|p1a: Heliolisk|0 fnt
|faint|p1a: Heliolisk
|
|-weather|Sandstorm|[upkeep]
|upkeep
|
|t:|1685529022
|switch|p1a: Xurkitree|Xurkitree, L76|251/251
|-end|p2a: Groudon|Dynamax
|-heal|p2a: Groudon|98/266|[silent]
|turn|33
|
|t:|1685529028
|-start|p1a: Xurkitree|Dynamax|
|-heal|p1a: Xurkitree|502/502|[silent]
|move|p2a: Groudon|Precipice Blades|p1a: Xurkitree
|-supereffective|p1a: Xurkitree
|-damage|p1a: Xurkitree|0 fnt
|faint|p1a: Xurkitree
|
|win|Chinmay pal
