|j|☆WhoDatMan
|j|☆nemoauditur
|t:|1685185994
|gametype|singles
|player|p1|WhoDatMan|winona|
|player|p2|nemoauditur|barry|
|teamsize|p1|6
|teamsize|p2|6
|gen|8
|tier|[Gen 8] Random Battle
|rated|Tournament battle
|rule|Species Clause: Limit one of each Pokémon
|rule|HP Percentage Mod: HP is shown in percentages
|rule|Sleep Clause Mod: Limit one foe put to sleep
|
|t:|1685185994
|start
|switch|p1a: Cursola|Cursola, L86, M|243/243
|switch|p2a: Weavile|Weavile, L79, M|239/239
|turn|1
|inactive|Battle timer is ON: inactive players will automatically lose when time's up. (requested by WhoDatMan)
|c|☆nemoauditur|glhf
|
|t:|1685186004
|switch|p1a: Durant|Durant, L78, M|219/219
|move|p2a: Weavile|Knock Off|p1a: Durant
|-damage|p1a: Durant|83/219
|-enditem|p1a: Durant|Life Orb|[from] move: Knock Off|[of] p2a: Weavile
|
|upkeep
|turn|2
|j| Champion Clueless
|
|t:|1685186018
|switch|p2a: Durant|Durant, L78, F|219/219
|move|p1a: Durant|Iron Head|p2a: Durant
|-resisted|p2a: Durant
|-damage|p2a: Durant|166/219
|
|upkeep
|turn|3
|j|+Wubben
|
|t:|1685186027
|switch|p1a: Toxapex|Toxapex, L82, F|216/216
|move|p2a: Durant|First Impression|p1a: Toxapex|[miss]
|-miss|p2a: Durant|p1a: Toxapex
|
|upkeep
|turn|4
|
|t:|1685186030
|switch|p2a: Tapu Koko|Tapu Koko, L78|237/237
|-fieldstart|move: Electric Terrain|[from] ability: Electric Surge|[of] p2a: Tapu Koko
|move|p1a: Toxapex|Toxic Spikes|p2a: Tapu Koko
|-sidestart|p2: nemoauditur|move: Toxic Spikes
|
|upkeep
|turn|5
|l| Champion Clueless
|
|t:|1685186039
|switch|p1a: Cursola|Cursola, L86, M|243/243
|move|p2a: Tapu Koko|Calm Mind|p2a: Tapu Koko
|-boost|p2a: Tapu Koko|spa|1
|-boost|p2a: Tapu Koko|spd|1
|
|upkeep
|turn|6
|
|t:|1685186046
|move|p2a: Tapu Koko|Thunderbolt|p1a: Cursola
|-damage|p1a: Cursola|86/243
|-damage|p2a: Tapu Koko|214/237|[from] item: Life Orb
|move|p1a: Cursola|Earth Power|p2a: Tapu Koko
|-supereffective|p2a: Tapu Koko
|-crit|p2a: Tapu Koko
|-damage|p2a: Tapu Koko|0 fnt
|faint|p2a: Tapu Koko
|
|-heal|p1a: Cursola|101/243|[from] item: Leftovers
|upkeep
|c|☆nemoauditur|aw
|
|t:|1685186053
|switch|p2a: Weavile|Weavile, L79, M|239/239
|-status|p2a: Weavile|psn
|turn|7
|j| TheBugsHaveArrived
|
|t:|1685186070
|switch|p1a: Toxapex|Toxapex, L82, F|216/216
|move|p2a: Weavile|Knock Off|p1a: Toxapex
|-crit|p1a: Toxapex
|-damage|p1a: Toxapex|65/216
|-enditem|p1a: Toxapex|Black Sludge|[from] move: Knock Off|[of] p2a: Weavile
|
|-damage|p2a: Weavile|210/239 psn|[from] psn
|upkeep
|turn|8
|c| TheBugsHaveArrived|let's go nemp
|c| TheBugsHaveArrived|nemo*
|c|☆nemoauditur|A critical hit!
|c|☆nemoauditur|:c
|c|☆nemoauditur|no me gusta
|inactive|WhoDatMan has 120 seconds left.
|j| dakadan776
|c|☆nemoauditur|I had an amazing lead
|c|☆nemoauditur|so tbf
|inactive|WhoDatMan has 90 seconds left.
|
|t:|1685186125
|switch|p1a: Durant|Durant, L78, M|83/219
|move|p2a: Weavile|Knock Off|p1a: Durant
|-damage|p1a: Durant|0 fnt
|faint|p1a: Durant
|
|-damage|p2a: Weavile|181/239 psn|[from] psn
|-fieldend|move: Electric Terrain
|upkeep
|inactive|WhoDatMan has 90 seconds left.
|j| Acewinner
|
|t:|1685186134
|switch|p1a: Braviary|Braviary, L82, M|298/298
|turn|9
|j| Trefleuh
|
|t:|1685186140
|switch|p2a: Lugia|Lugia, L74|279/279
|move|p1a: Braviary|Close Combat|p2a: Lugia
|-resisted|p2a: Lugia
|-damage|p2a: Lugia|270/279
|-unboost|p1a: Braviary|def|1
|-unboost|p1a: Braviary|spd|1
|
|upkeep
|turn|10
|inactive|WhoDatMan has 90 seconds left.
|c|☆nemoauditur|ah
|c|☆nemoauditur|man
|
|t:|1685186158
|switch|p1a: Toxapex|Toxapex, L82, F|137/216
|move|p2a: Lugia|Toxic|p1a: Toxapex
|-immune|p1a: Toxapex
|
|upkeep
|turn|11
|c|☆nemoauditur|tapu koko was so necessary this battle tho
|
|t:|1685186177
|switch|p2a: Weavile|Weavile, L79, M|181/239 psn
|switch|p1a: Calyrex|Calyrex-Ice, L72|263/263
|-ability|p1a: Calyrex|As One
|-ability|p1a: Calyrex|Unnerve
|
|-damage|p2a: Weavile|152/239 psn|[from] psn
|upkeep
|turn|12
|
|t:|1685186188
|move|p2a: Weavile|Knock Off|p1a: Calyrex
|-supereffective|p1a: Calyrex
|-damage|p1a: Calyrex|29/263
|-enditem|p1a: Calyrex|Heavy-Duty Boots|[from] move: Knock Off|[of] p2a: Weavile
|move|p1a: Calyrex|Close Combat|p2a: Weavile
|-supereffective|p2a: Weavile
|-damage|p2a: Weavile|0 fnt
|-unboost|p1a: Calyrex|def|1
|-unboost|p1a: Calyrex|spd|1
|faint|p2a: Weavile
|-ability|p1a: Calyrex|Chilling Neigh|boost
|-boost|p1a: Calyrex|atk|1
|
|upkeep
|
|t:|1685186196
|switch|p2a: Butterfree|Butterfree, L87, M|246/246
|turn|13
|l| dakadan776
|
|t:|1685186206
|switch|p1a: Toxapex|Toxapex, L82, F|209/216
|move|p2a: Butterfree|Energy Ball|p1a: Toxapex
|-damage|p1a: Toxapex|167/216
|
|upkeep
|turn|14
|
|t:|1685186209
|move|p2a: Butterfree|Sleep Powder|p1a: Toxapex
|-status|p1a: Toxapex|slp|[from] move: Sleep Powder
|cant|p1a: Toxapex|slp
|
|upkeep
|turn|15
|
|t:|1685186215
|switch|p1a: Cursola|Cursola, L86, M|101/243
|move|p2a: Butterfree|Quiver Dance|p2a: Butterfree
|-boost|p2a: Butterfree|spa|1
|-boost|p2a: Butterfree|spd|1
|-boost|p2a: Butterfree|spe|1
|
|-heal|p1a: Cursola|116/243|[from] item: Leftovers
|upkeep
|turn|16
|inactive|WhoDatMan has 120 seconds left.
|
|t:|1685186223
|move|p2a: Butterfree|Hurricane|p1a: Cursola
|-damage|p1a: Cursola|0 fnt
|faint|p1a: Cursola
|
|upkeep
|
|t:|1685186226
|switch|p1a: Lugia|Lugia, L74|279/279
|turn|17
|
|t:|1685186232
|move|p2a: Butterfree|Quiver Dance|p2a: Butterfree
|-boost|p2a: Butterfree|spa|1
|-boost|p2a: Butterfree|spd|1
|-boost|p2a: Butterfree|spe|1
|move|p1a: Lugia|Toxic|p2a: Butterfree
|-status|p2a: Butterfree|tox
|
|-damage|p2a: Butterfree|231/246 tox|[from] psn
|upkeep
|turn|18
|
|t:|1685186239
|move|p2a: Butterfree|Hurricane|p1a: Lugia
|-crit|p1a: Lugia
|-damage|p1a: Lugia|163/279
|-start|p1a: Lugia|confusion
|-activate|p1a: Lugia|confusion
|-damage|p1a: Lugia|149/279|[from] confusion
|
|-damage|p2a: Butterfree|201/246 tox|[from] psn
|upkeep
|turn|19
|
|t:|1685186248
|switch|p1a: Calyrex|Calyrex-Ice, L72|29/263
|-ability|p1a: Calyrex|As One
|-ability|p1a: Calyrex|Unnerve
|move|p2a: Butterfree|Hurricane|p1a: Calyrex
|-damage|p1a: Calyrex|0 fnt
|faint|p1a: Calyrex
|
|-damage|p2a: Butterfree|156/246 tox|[from] psn
|upkeep
|
|t:|1685186256
|switch|p1a: Braviary|Braviary, L82, M|298/298
|turn|20
|
|t:|1685186261
|-start|p1a: Braviary|Dynamax|
|-heal|p1a: Braviary|596/596|[silent]
|move|p2a: Butterfree|Hurricane|p1a: Braviary
|-damage|p1a: Braviary|319/596
|move|p1a: Braviary|Max Airstream|p2a: Butterfree
|-supereffective|p2a: Butterfree
|-damage|p2a: Butterfree|0 fnt
|-boost|p1a: Braviary|spe|1
|faint|p2a: Butterfree
|
|upkeep
|
|t:|1685186274
|switch|p2a: Durant|Durant, L78, F|166/219
|turn|21
|
|t:|1685186289
|-start|p2a: Durant|Dynamax|
|-heal|p2a: Durant|332/438|[silent]
|move|p1a: Braviary|Max Knuckle|p2a: Durant
|-damage|p2a: Durant|258/438
|-boost|p1a: Braviary|atk|1
|move|p2a: Durant|Max Steelspike|p1a: Braviary
|-damage|p1a: Braviary|79/596
|-boost|p2a: Durant|def|1
|
|upkeep
|turn|22
|
|t:|1685186304
|move|p1a: Braviary|Max Airstream|p2a: Durant
|-damage|p2a: Durant|117/438
|-boost|p1a: Braviary|spe|1
|move|p2a: Durant|Max Knuckle|p1a: Braviary
|-damage|p1a: Braviary|0 fnt
|-boost|p2a: Durant|atk|1
|faint|p1a: Braviary
|
|upkeep
|
|t:|1685186313
|switch|p1a: Toxapex|Toxapex, L82, F|216/216 slp
|turn|23
|
|t:|1685186319
|move|p2a: Durant|Max Rockfall|p1a: Toxapex
|-damage|p1a: Toxapex|93/216 slp
|-weather|Sandstorm
|cant|p1a: Toxapex|slp
|
|-weather|Sandstorm|[upkeep]
|-damage|p1a: Toxapex|80/216 slp|[from] Sandstorm
|upkeep
|-end|p2a: Durant|Dynamax
|-heal|p2a: Durant|59/219|[silent]
|turn|24
|
|t:|1685186330
|move|p2a: Durant|Rock Slide|p1a: Toxapex|[miss]
|-miss|p2a: Durant|p1a: Toxapex
|cant|p1a: Toxapex|slp
|
|-weather|Sandstorm|[upkeep]
|-damage|p1a: Toxapex|67/216 slp|[from] Sandstorm
|upkeep
|turn|25
|
|t:|1685186337
|switch|p1a: Lugia|Lugia, L74|149/279
|move|p2a: Durant|Rock Slide|p1a: Lugia|[miss]
|-miss|p2a: Durant|p1a: Lugia
|
|-weather|Sandstorm|[upkeep]
|-damage|p1a: Lugia|132/279|[from] Sandstorm
|upkeep
|turn|26
|c|☆nemoauditur|por favor
|c| Trefleuh|hmm
|
|t:|1685186343
|move|p2a: Durant|Rock Slide|p1a: Lugia
|-supereffective|p1a: Lugia
|-damage|p1a: Lugia|0 fnt
|faint|p1a: Lugia
|
|-weather|Sandstorm|[upkeep]
|upkeep
|
|t:|1685186346
|switch|p1a: Toxapex|Toxapex, L82, F|139/216 slp
|turn|27
|
|t:|1685186348
|move|p2a: Durant|Rock Slide|p1a: Toxapex|[miss]
|-miss|p2a: Durant|p1a: Toxapex
|-curestatus|p1a: Toxapex|slp|[msg]
|move|p1a: Toxapex|Recover|p1a: Toxapex
|-heal|p1a: Toxapex|216/216
|
|-weather|none
|upkeep
|turn|28
|
|t:|1685186350
|move|p2a: Durant|Rock Slide|p1a: Toxapex
|-damage|p1a: Toxapex|102/216
|move|p1a: Toxapex|Scald|p2a: Durant
|-damage|p2a: Durant|0 fnt
|faint|p2a: Durant
|
|upkeep
|c| Trefleuh|i see
|
|t:|1685186357
|switch|p2a: Slurpuff|Slurpuff, L80, M|262/262
|-status|p2a: Slurpuff|psn
|turn|29
|c|☆nemoauditur|this is good
|
|t:|1685186362
|move|p2a: Slurpuff|Belly Drum|p2a: Slurpuff
|-damage|p2a: Slurpuff|131/262 psn
|-setboost|p2a: Slurpuff|atk|6|[from] move: Belly Drum
|-enditem|p2a: Slurpuff|Sitrus Berry|[eat]
|-heal|p2a: Slurpuff|196/262 psn|[from] item: Sitrus Berry
|move|p1a: Toxapex|Recover|p1a: Toxapex
|-heal|p1a: Toxapex|210/216
|
|-damage|p2a: Slurpuff|164/262 psn|[from] psn
|upkeep
|turn|30
|c|☆nemoauditur|facade boost
|
|t:|1685186367
|move|p2a: Slurpuff|Facade|p1a: Toxapex
|-damage|p1a: Toxapex|17/216
|move|p1a: Toxapex|Recover|p1a: Toxapex
|-heal|p1a: Toxapex|125/216
|
|-damage|p2a: Slurpuff|132/262 psn|[from] psn
|upkeep
|turn|31
|
|t:|1685186371
|move|p2a: Slurpuff|Facade|p1a: Toxapex
|-damage|p1a: Toxapex|0 fnt
|faint|p1a: Toxapex
|
|win|nemoauditur
|n|☆WhoDatMan|whodatman
|n|☆nemoauditur|nemoauditur
|n| Wubben|wubben
|n| TheBugsHaveArrived|thebugshavearrived
|n| Acewinner|acewinner
|n| Trefleuh|trefleuh
