{"id": "gen8randombattle-1654954373", "p1": "llxwd", "p2": "Separation", "format": "[Gen 8] Random Battle", "log": "|j|\u2606llxwd\n|j|\u2606Separation\n|t:|1662192168\n|gametype|singles\n|player|p1|llxwd|emmet|2448\n|player|p2|Separation|acetrainerf-gen4dp|2462\n|teamsize|p1|6\n|teamsize|p2|6\n|gen|8\n|tier|[Gen 8] Random Battle\n|rated|\n|rule|Species Clause: Limit one of each Pok\u00e9mon\n|rule|HP Percentage Mod: HP is shown in percentages\n|rule|Sleep Clause Mod: Limit one foe put to sleep\n|\n|t:|1662192168\n|start\n|switch|p1a: Salamence|Salamence, L76, F|269/269\n|switch|p2a: Chansey|Chansey, L84, F|557/557\n|turn|1\n|inactive|Battle timer is ON: inactive players will automatically lose when time's up. (requested by llxwd)\n|j| Mkn\n|inactive|llxwd has 120 seconds left.\n|inactive|llxwd has 90 seconds left.\n|\n|t:|1662192245\n|switch|p1a: Steelix|Steelix, L84, M|263/263\n|switch|p2a: Glastrier|Glastrier, L82|298/298\n|\n|upkeep\n|turn|2\n|\n|t:|1662192262\n|switch|p2a: Urshifu|Urshifu-Rapid-Strike, L78, M|284/284\n|move|p1a: Steelix|Head Smash|p2a: Urshifu|[miss]\n|-miss|p1a: Steelix|p2a: Urshifu\n|\n|upkeep\n|turn|3\n|j| Wampert\n|\n|t:|1662192279\n|switch|p1a: Maractus|Maractus, L94, M|293/293\n|move|p2a: Urshifu|Surging Strikes|p1a: Maractus\n|-immune|p1a: Maractus|[from] ability: Water Absorb\n|\n|upkeep\n|turn|4\n|\n|t:|1662192293\n|switch|p2a: Chansey|Chansey, L84, F|557/557\n|move|p1a: Maractus|Leech Seed|p2a: Chansey\n|-start|p2a: Chansey|move: Leech Seed\n|\n|-damage|p2a: Chansey|488/557|[from] Leech Seed|[of] p1a: Maractus\n|upkeep\n|turn|5\n|\n|t:|1662192304\n|switch|p1a: Steelix|Steelix, L84, M|263/263\n|move|p2a: Chansey|Stealth Rock|p1a: Steelix\n|-sidestart|p1: llxwd|move: Stealth Rock\n|\n|-damage|p2a: Chansey|419/557|[from] Leech Seed|[of] p1a: Steelix\n|upkeep\n|turn|6\n|\n|t:|1662192309\n|switch|p2a: Urshifu|Urshifu-Rapid-Strike, L78, M|284/284\n|move|p1a: Steelix|Dragon Dance|p1a: Steelix\n|-boost|p1a: Steelix|atk|1\n|-boost|p1a: Steelix|spe|1\n|\n|upkeep\n|turn|7\n|\n|t:|1662192320\n|move|p2a: Urshifu|Bulk Up|p2a: Urshifu\n|-boost|p2a: Urshifu|atk|1\n|-boost|p2a: Urshifu|def|1\n|move|p1a: Steelix|Dragon Dance|p1a: Steelix\n|-boost|p1a: Steelix|atk|1\n|-boost|p1a: Steelix|spe|1\n|\n|upkeep\n|turn|8\n|\n|t:|1662192329\n|-start|p1a: Steelix|Dynamax|\n|-heal|p1a: Steelix|526/526|[silent]\n|move|p1a: Steelix|Max Quake|p2a: Urshifu\n|-damage|p2a: Urshifu|124/284\n|-boost|p1a: Steelix|spd|1\n|move|p2a: Urshifu|Substitute|p2a: Urshifu\n|-start|p2a: Urshifu|Substitute\n|-damage|p2a: Urshifu|53/284\n|\n|-heal|p2a: Urshifu|70/284|[from] item: Leftovers\n|upkeep\n|turn|9\n|\n|t:|1662192339\n|move|p1a: Steelix|Max Steelspike|p2a: Urshifu\n|-resisted|p2a: Urshifu\n|-end|p2a: Urshifu|Substitute\n|-boost|p1a: Steelix|def|1\n|move|p2a: Urshifu|Drain Punch|p1a: Steelix\n|-supereffective|p1a: Steelix\n|-damage|p1a: Steelix|434/526\n|-heal|p2a: Urshifu|116/284|[from] drain|[of] p1a: Steelix\n|\n|-heal|p1a: Steelix|450/526|[from] item: Leftovers\n|-heal|p2a: Urshifu|133/284|[from] item: Leftovers\n|upkeep\n|turn|10\n|\n|t:|1662192355\n|-start|p2a: Urshifu|Dynamax|\n|-heal|p2a: Urshifu|266/568|[silent]\n|move|p2a: Urshifu|Max Guard|p2a: Urshifu\n|-singleturn|p2a: Urshifu|Max Guard\n|move|p1a: Steelix|Max Steelspike|p2a: Urshifu\n|-activate|p2a: Urshifu|move: Max Guard\n|\n|-heal|p1a: Steelix|466/526|[from] item: Leftovers\n|-heal|p2a: Urshifu|283/568|[from] item: Leftovers\n|upkeep\n|-end|p1a: Steelix|Dynamax\n|-heal|p1a: Steelix|233/263|[silent]\n|turn|11\n|inactive|llxwd has 120 seconds left.\n|\n|t:|1662192399\n|move|p1a: Steelix|Dragon Dance|p1a: Steelix\n|-boost|p1a: Steelix|atk|1\n|-boost|p1a: Steelix|spe|1\n|move|p2a: Urshifu|Max Knuckle|p1a: Steelix\n|-supereffective|p1a: Steelix\n|-crit|p1a: Steelix\n|-damage|p1a: Steelix|0 fnt\n|-boost|p2a: Urshifu|atk|1\n|faint|p1a: Steelix\n|\n|-heal|p2a: Urshifu|300/568|[from] item: Leftovers\n|upkeep\n|inactive|llxwd has 90 seconds left.\n|\n|t:|1662192441\n|switch|p1a: Maractus|Maractus, L94, M|293/293\n|-damage|p1a: Maractus|257/293|[from] Stealth Rock\n|turn|12\n|\n|t:|1662192458\n|move|p2a: Urshifu|Max Knuckle|p1a: Maractus\n|-damage|p1a: Maractus|38/293\n|-boost|p2a: Urshifu|atk|1\n|move|p1a: Maractus|Energy Ball|p2a: Urshifu\n|-supereffective|p2a: Urshifu\n|-damage|p2a: Urshifu|0 fnt\n|faint|p2a: Urshifu\n|\n|-heal|p1a: Maractus|56/293|[from] item: Leftovers\n|upkeep\n|\n|t:|1662192470\n|switch|p2a: Alakazam|Alakazam, L78, F|214/214\n|turn|13\n|inactive|llxwd has 90 seconds left.\n|\n|t:|1662192486\n|switch|p1a: Grimmsnarl|Grimmsnarl, L82, M|290/290\n|-damage|p1a: Grimmsnarl|254/290|[from] Stealth Rock\n|move|p2a: Alakazam|Psychic|p1a: Grimmsnarl\n|-immune|p1a: Grimmsnarl\n|\n|upkeep\n|turn|14\n|\n|t:|1662192498\n|switch|p2a: Entei|Entei, L78|307/307\n|move|p1a: Grimmsnarl|Darkest Lariat|p2a: Entei\n|-damage|p2a: Entei|202/307\n|\n|upkeep\n|turn|15\n|\n|t:|1662192511\n|move|p1a: Grimmsnarl|Bulk Up|p1a: Grimmsnarl\n|-boost|p1a: Grimmsnarl|atk|1\n|-boost|p1a: Grimmsnarl|def|1\n|move|p2a: Entei|Sacred Fire|p1a: Grimmsnarl\n|-damage|p1a: Grimmsnarl|118/290\n|-status|p1a: Grimmsnarl|brn\n|\n|-damage|p1a: Grimmsnarl|100/290 brn|[from] brn\n|upkeep\n|turn|16\n|\n|t:|1662192536\n|move|p1a: Grimmsnarl|Rest|p1a: Grimmsnarl\n|-status|p1a: Grimmsnarl|slp|[from] move: Rest\n|-heal|p1a: Grimmsnarl|290/290 slp|[silent]\n|-enditem|p1a: Grimmsnarl|Chesto Berry|[eat]\n|-curestatus|p1a: Grimmsnarl|slp|[msg]\n|move|p2a: Entei|Sacred Fire|p1a: Grimmsnarl\n|-crit|p1a: Grimmsnarl\n|-damage|p1a: Grimmsnarl|8/290\n|-status|p1a: Grimmsnarl|brn\n|\n|-damage|p1a: Grimmsnarl|0 fnt|[from] brn\n|faint|p1a: Grimmsnarl\n|upkeep\n|inactive|llxwd has 60 seconds left.\n|\n|t:|1662192550\n|switch|p1a: Salamence|Salamence, L76, F|269/269\n|turn|17\n|c| Wampert|Ahem\n|\n|t:|1662192557\n|switch|p2a: Glastrier|Glastrier, L82|298/298\n|move|p1a: Salamence|Earthquake|p2a: Glastrier\n|-damage|p2a: Glastrier|244/298\n|\n|upkeep\n|turn|18\n|inactive|llxwd has 60 seconds left.\n|\n|t:|1662192574\n|switch|p1a: Maractus|Maractus, L94, M|56/293\n|-damage|p1a: Maractus|20/293|[from] Stealth Rock\n|move|p2a: Glastrier|Icicle Crash|p1a: Maractus\n|-supereffective|p1a: Maractus\n|-damage|p1a: Maractus|0 fnt\n|faint|p1a: Maractus\n|-ability|p2a: Glastrier|Chilling Neigh|boost\n|-boost|p2a: Glastrier|atk|1\n|\n|upkeep\n|inactive|llxwd has 60 seconds left.\n|\n|t:|1662192579\n|switch|p1a: Zapdos|Zapdos, L78|267/267\n|-damage|p1a: Zapdos|201/267|[from] Stealth Rock\n|turn|19\n|\n|t:|1662192587\n|switch|p2a: Palossand|Palossand, L86, M|286/286\n|move|p1a: Zapdos|Heat Wave|p2a: Palossand\n|-damage|p2a: Palossand|160/286\n|\n|-heal|p2a: Palossand|177/286|[from] item: Leftovers\n|upkeep\n|turn|20\n|\n|t:|1662192592\n|move|p1a: Zapdos|Heat Wave|p2a: Palossand\n|-damage|p2a: Palossand|58/286\n|move|p2a: Palossand|Shore Up|p2a: Palossand\n|-heal|p2a: Palossand|201/286\n|\n|-heal|p2a: Palossand|218/286|[from] item: Leftovers\n|upkeep\n|turn|21\n|c| Mkn|What\u2019s the crit rate? 4%?\n|\n|t:|1662192599\n|move|p1a: Zapdos|Heat Wave|p2a: Palossand|[miss]\n|-miss|p1a: Zapdos|p2a: Palossand\n|move|p2a: Palossand|Shore Up|p2a: Palossand\n|-heal|p2a: Palossand|286/286\n|\n|upkeep\n|turn|22\n|\n|t:|1662192612\n|move|p1a: Zapdos|Heat Wave|p2a: Palossand\n|-damage|p2a: Palossand|164/286\n|move|p2a: Palossand|Toxic|p1a: Zapdos\n|-status|p1a: Zapdos|tox\n|\n|-heal|p2a: Palossand|181/286|[from] item: Leftovers\n|-damage|p1a: Zapdos|185/267 tox|[from] psn\n|upkeep\n|turn|23\n|\n|t:|1662192621\n|switch|p1a: Giratina|Giratina-Origin, L74|344/344\n|-damage|p1a: Giratina|301/344|[from] Stealth Rock\n|move|p2a: Palossand|Shore Up|p2a: Palossand\n|-heal|p2a: Palossand|286/286\n|\n|upkeep\n|turn|24\n|inactive|llxwd has 90 seconds left.\n|\n|t:|1662192632\n|move|p1a: Giratina|Poltergeist|p2a: Palossand\n|-activate|p2a: Palossand|move: Poltergeist|Leftovers\n|-supereffective|p2a: Palossand\n|-crit|p2a: Palossand\n|-damage|p2a: Palossand|0 fnt\n|faint|p2a: Palossand\n|\n|upkeep\n|j| Quagmander\n|j| TheChibiNeko\n|\n|t:|1662192652\n|switch|p2a: Glastrier|Glastrier, L82|244/298\n|turn|25\n|\n|t:|1662192664\n|move|p1a: Giratina|Outrage|p2a: Glastrier\n|-damage|p2a: Glastrier|144/298\n|move|p2a: Glastrier|Icicle Crash|p1a: Giratina\n|-supereffective|p1a: Giratina\n|-damage|p1a: Giratina|37/344\n|\n|upkeep\n|turn|26\n|\n|t:|1662192677\n|switch|p2a: Chansey|Chansey, L84, F|419/557\n|move|p1a: Giratina|Outrage|p2a: Chansey|[from]lockedmove\n|-damage|p2a: Chansey|73/557\n|\n|upkeep\n|turn|27\n|\n|t:|1662192683\n|move|p1a: Giratina|Outrage|p2a: Chansey|[from]lockedmove\n|-damage|p2a: Chansey|0 fnt\n|faint|p2a: Chansey\n|-start|p1a: Giratina|confusion|[fatigue]\n|\n|upkeep\n|\n|t:|1662192704\n|switch|p2a: Alakazam|Alakazam, L78, F|214/214\n|turn|28\n|\n|t:|1662192708\n|move|p2a: Alakazam|Psychic|p1a: Giratina\n|-damage|p1a: Giratina|0 fnt\n|faint|p1a: Giratina\n|\n|upkeep\n|\n|t:|1662192712\n|switch|p1a: Salamence|Salamence, L76, F|269/269\n|turn|29\n|\n|t:|1662192715\n|move|p2a: Alakazam|Psychic|p1a: Salamence\n|-damage|p1a: Salamence|104/269\n|move|p1a: Salamence|Dragon Dance|p1a: Salamence\n|-boost|p1a: Salamence|atk|1\n|-boost|p1a: Salamence|spe|1\n|\n|upkeep\n|turn|30\n|\n|t:|1662192727\n|move|p1a: Salamence|Outrage|p2a: Alakazam\n|-damage|p2a: Alakazam|0 fnt\n|faint|p2a: Alakazam\n|-ability|p1a: Salamence|Moxie|boost\n|-boost|p1a: Salamence|atk|1\n|\n|upkeep\n|\n|t:|1662192731\n|switch|p2a: Entei|Entei, L78|202/307\n|turn|31\n|\n|t:|1662192734\n|move|p2a: Entei|Extreme Speed|p1a: Salamence\n|-damage|p1a: Salamence|0 fnt\n|faint|p1a: Salamence\n|\n|upkeep\n|\n|t:|1662192737\n|switch|p1a: Zapdos|Zapdos, L78|185/267 tox\n|-damage|p1a: Zapdos|119/267 tox|[from] Stealth Rock\n|turn|32\n|\n|t:|1662192743\n|move|p2a: Entei|Extreme Speed|p1a: Zapdos\n|-damage|p1a: Zapdos|28/267 tox\n|move|p1a: Zapdos|Hurricane|p2a: Entei\n|-damage|p2a: Entei|0 fnt\n|faint|p2a: Entei\n|\n|-damage|p1a: Zapdos|12/267 tox|[from] psn\n|upkeep\n|\n|t:|1662192749\n|switch|p2a: Glastrier|Glastrier, L82|144/298\n|turn|33\n|\n|t:|1662192752\n|move|p1a: Zapdos|Hurricane|p2a: Glastrier\n|-crit|p2a: Glastrier\n|-damage|p2a: Glastrier|0 fnt\n|faint|p2a: Glastrier\n|\n|win|llxwd\n|raw|llxwd's rating: 2448 &rarr; <strong>2469</strong><br />(+21 for winning)\n|raw|Separation's rating: 2462 &rarr; <strong>2441</strong><br />(-21 for losing)\n|c| Mkn|Gg!\n|c| Wampert|24(69). Noice\n|l| Wampert\n|l| Quagmander\n|l| TheChibiNeko\n", "inputlog": ">version 8cf3438afc5b4a013c2b2d0b6cd5b917bdfe9b81\n>start {\"formatid\":\"gen8randombattle\",\"seed\":[54538,53621,20400,52405],\"rated\":\"Rated battle\"}\n>player p1 {\"name\":\"llxwd\",\"avatar\":\"emmet\",\"rating\":2448,\"seed\":[53921,24583,57527,3325]}\n>player p2 {\"name\":\"Separation\",\"avatar\":\"acetrainerf-gen4dp\",\"rating\":2462,\"seed\":[59413,38578,16749,29966]}\n>p1 switch 6\n>p2 switch 6\n>p1 move headsmash\n>p2 switch 3\n>p1 switch 2\n>p2 move surgingstrikes\n>p1 move leechseed\n>p2 switch 6\n>p1 switch 2\n>p2 move stealthrock\n>p1 move dragondance\n>p2 switch 6\n>p1 move dragondance\n>p2 move bulkup\n>p1 move earthquake dynamax\n>p2 move substitute\n>p1 move heavyslam dynamax\n>p2 move drainpunch\n>p1 move heavyslam dynamax\n>p2 move bulkup dynamax\n>p1 move dragondance\n>p2 move drainpunch dynamax\n>p1 switch 2\n>p1 move energyball\n>p2 move drainpunch dynamax\n>p2 switch 4\n>p1 switch 5\n>p2 move psychic\n>p1 move darkestlariat\n>p2 switch 5\n>p1 move bulkup\n>p2 move sacredfire\n>p1 move rest\n>p2 move sacredfire\n>p1 switch 6\n>chat  Wampert|Ahem\n>p1 move earthquake\n>p2 switch 3\n>p1 switch 5\n>p2 move iciclecrash\n>p1 switch 4\n>p1 move heatwave\n>p2 switch 2\n>p1 move heatwave\n>p2 move shoreup\n>chat  Mkn|What\u2019s the crit rate? 4%?\n>p1 move heatwave\n>p2 move shoreup\n>p1 move heatwave\n>p2 move toxic\n>p1 switch 3\n>p2 move shoreup\n>p1 move poltergeist\n>p2 move shadowball\n>p2 switch 2\n>p1 move outrage\n>p2 move iciclecrash\n>p1 move outrage\n>p2 switch 6\n>p1 move outrage\n>p2 move softboiled\n>p2 switch 5\n>p1 move outrage\n>p2 move psychic\n>p1 switch 5\n>p1 move dragondance\n>p2 move psychic\n>p1 move outrage\n>p2 move psychic\n>p2 switch 3\n>p1 move outrage\n>p2 move extremespeed\n>p1 switch 3\n>p1 move hurricane\n>p2 move extremespeed\n>p2 switch 6\n>p1 move hurricane\n>p2 move closecombat", "uploadtime": 1662192895, "views": 45, "p1id": "llxwd", "p2id": "separation", "formatid": "gen8randombattle", "rating": 2441, "private": 0, "password": null}