{"id": "gen8randombattle-1871578375", "p1": "Ugur", "p2": "gareeb adani", "format": "[Gen 8] Random Battle", "log": "|j|\u2606Ugur\n|j|\u2606gareeb adani\n|t:|1685108983\n|gametype|singles\n|player|p1|Ugur|2|1464\n|player|p2|gareeb adani|101|1432\n|teamsize|p1|6\n|teamsize|p2|6\n|gen|8\n|tier|[Gen 8] Random Battle\n|rated|\n|rule|Species Clause: Limit one of each Pok\u00e9mon\n|rule|HP Percentage Mod: HP is shown in percentages\n|rule|Sleep Clause Mod: Limit one foe put to sleep\n|\n|t:|1685108983\n|start\n|switch|p1a: Tsareena|Tsareena, L84, F|258/258\n|switch|p2a: Exploud|Exploud, L84, F|312/312\n|turn|1\n|inactive|Battle timer is ON: inactive players will automatically lose when time's up. (requested by gareeb adani)\n|\n|t:|1685108993\n|switch|p2a: Froslass|Froslass, L84, F|255/255\n|move|p1a: Tsareena|High Jump Kick|p2a: Froslass\n|-immune|p2a: Froslass\n|-damage|p1a: Tsareena|129/258|[from] highjumpkick\n|\n|upkeep\n|turn|2\n|\n|t:|1685109008\n|switch|p1a: Dialga|Dialga, L74|270/270\n|-ability|p1a: Dialga|Pressure\n|move|p2a: Froslass|Triple Axel|p1a: Dialga\n|-damage|p1a: Dialga|252/270\n|-damage|p1a: Dialga|218/270\n|-damage|p1a: Dialga|173/270\n|-hitcount|p1a: Dialga|3\n|\n|-heal|p1a: Dialga|189/270|[from] item: Leftovers\n|upkeep\n|turn|3\n|\n|t:|1685109026\n|move|p2a: Froslass|Poltergeist|p1a: Dialga\n|-activate|p1a: Dialga|move: Poltergeist|Leftovers\n|-damage|p1a: Dialga|99/270\n|move|p1a: Dialga|Stealth Rock|p2a: Froslass\n|-sidestart|p2: gareeb adani|move: Stealth Rock\n|\n|-heal|p1a: Dialga|115/270|[from] item: Leftovers\n|upkeep\n|turn|4\n|\n|t:|1685109032\n|move|p2a: Froslass|Triple Axel|p1a: Dialga\n|-damage|p1a: Dialga|99/270\n|-damage|p1a: Dialga|62/270\n|-damage|p1a: Dialga|10/270\n|-hitcount|p1a: Dialga|3\n|move|p1a: Dialga|Flash Cannon|p2a: Froslass\n|-supereffective|p2a: Froslass\n|-damage|p2a: Froslass|31/255\n|\n|-heal|p1a: Dialga|26/270|[from] item: Leftovers\n|upkeep\n|turn|5\n|inactive|gareeb adani has 120 seconds left.\n|\n|t:|1685109063\n|move|p2a: Froslass|Poltergeist|p1a: Dialga\n|-activate|p1a: Dialga|move: Poltergeist|Leftovers\n|-damage|p1a: Dialga|0 fnt\n|faint|p1a: Dialga\n|\n|upkeep\n|\n|t:|1685109076\n|switch|p1a: Tsareena|Tsareena, L84, F|129/258\n|turn|6\n|inactive|gareeb adani has 120 seconds left.\n|\n|t:|1685109093\n|move|p1a: Tsareena|Knock Off|p2a: Froslass\n|-supereffective|p2a: Froslass\n|-damage|p2a: Froslass|0 fnt\n|-enditem|p2a: Froslass|Wide Lens|[from] move: Knock Off|[of] p1a: Tsareena\n|faint|p2a: Froslass\n|\n|upkeep\n|inactive|gareeb adani has 120 seconds left.\n|\n|t:|1685109101\n|switch|p2a: Whiscash|Whiscash, L86, M|329/329\n|-damage|p2a: Whiscash|309/329|[from] Stealth Rock\n|turn|7\n|\n|t:|1685109108\n|switch|p1a: Drifblim|Drifblim, L84, F|389/389\n|move|p2a: Whiscash|Dragon Dance|p2a: Whiscash\n|-boost|p2a: Whiscash|atk|1\n|-boost|p2a: Whiscash|spe|1\n|\n|upkeep\n|turn|8\n|inactive|gareeb adani has 120 seconds left.\n|\n|t:|1685109144\n|move|p2a: Whiscash|Dragon Dance|p2a: Whiscash\n|-boost|p2a: Whiscash|atk|1\n|-boost|p2a: Whiscash|spe|1\n|move|p1a: Drifblim|Calm Mind|p1a: Drifblim\n|-boost|p1a: Drifblim|spa|1\n|-boost|p1a: Drifblim|spd|1\n|\n|upkeep\n|turn|9\n|\n|t:|1685109147\n|move|p2a: Whiscash|Stone Edge|p1a: Drifblim\n|-supereffective|p1a: Drifblim\n|-crit|p1a: Drifblim\n|-damage|p1a: Drifblim|0 fnt\n|faint|p1a: Drifblim\n|-damage|p2a: Whiscash|277/329|[from] item: Life Orb\n|\n|upkeep\n|\n|t:|1685109158\n|switch|p1a: Beheeyem|Beheeyem, L86, F|269/269\n|turn|10\n|\n|t:|1685109166\n|move|p2a: Whiscash|Liquidation|p1a: Beheeyem\n|-damage|p1a: Beheeyem|45/269\n|-damage|p2a: Whiscash|245/329|[from] item: Life Orb\n|move|p1a: Beheeyem|Psychic|p2a: Whiscash\n|-damage|p2a: Whiscash|0 fnt\n|faint|p2a: Whiscash\n|\n|upkeep\n|\n|t:|1685109169\n|switch|p2a: Crawdaunt|Crawdaunt, L84, F|243/243\n|-damage|p2a: Crawdaunt|213/243|[from] Stealth Rock\n|turn|11\n|\n|t:|1685109175\n|move|p2a: Crawdaunt|Knock Off|p1a: Beheeyem\n|-supereffective|p1a: Beheeyem\n|-damage|p1a: Beheeyem|0 fnt\n|-enditem|p1a: Beheeyem|Choice Specs|[from] move: Knock Off|[of] p2a: Crawdaunt\n|faint|p1a: Beheeyem\n|\n|upkeep\n|\n|t:|1685109183\n|switch|p1a: Tsareena|Tsareena, L84, F|129/258\n|turn|12\n|inactive|gareeb adani has 120 seconds left.\n|\n|t:|1685109222\n|switch|p2a: Dragapult|Dragapult, L78, M|265/265\n|-damage|p2a: Dragapult|232/265|[from] Stealth Rock\n|move|p1a: Tsareena|Power Whip|p2a: Dragapult\n|-resisted|p2a: Dragapult\n|-damage|p2a: Dragapult|142/265\n|\n|upkeep\n|turn|13\n|\n|t:|1685109233\n|move|p2a: Dragapult|Shadow Ball|p1a: Tsareena\n|-damage|p1a: Tsareena|32/258\n|move|p1a: Tsareena|Power Whip|p2a: Dragapult\n|-resisted|p2a: Dragapult\n|-damage|p2a: Dragapult|52/265\n|\n|upkeep\n|turn|14\n|inactive|gareeb adani has 120 seconds left.\n|\n|t:|1685109259\n|move|p2a: Dragapult|Shadow Ball|p1a: Tsareena\n|-crit|p1a: Tsareena\n|-damage|p1a: Tsareena|0 fnt\n|faint|p1a: Tsareena\n|\n|upkeep\n|\n|t:|1685109263\n|switch|p1a: Lycanroc|Lycanroc, L80, F|251/251\n|turn|15\n|inactive|gareeb adani has 120 seconds left.\n|\n|t:|1685109275\n|move|p2a: Dragapult|Shadow Ball|p1a: Lycanroc\n|-damage|p1a: Lycanroc|106/251\n|-unboost|p1a: Lycanroc|spd|1\n|move|p1a: Lycanroc|Swords Dance|p1a: Lycanroc\n|-boost|p1a: Lycanroc|atk|2\n|\n|upkeep\n|turn|16\n|\n|t:|1685109279\n|move|p1a: Lycanroc|Accelerock|p2a: Dragapult\n|-damage|p2a: Dragapult|0 fnt\n|faint|p2a: Dragapult\n|-damage|p1a: Lycanroc|81/251|[from] item: Life Orb\n|\n|upkeep\n|\n|t:|1685109282\n|switch|p2a: Crawdaunt|Crawdaunt, L84, F|213/243\n|-damage|p2a: Crawdaunt|183/243|[from] Stealth Rock\n|turn|17\n|\n|t:|1685109285\n|move|p1a: Lycanroc|Accelerock|p2a: Crawdaunt\n|-damage|p2a: Crawdaunt|53/243\n|-damage|p1a: Lycanroc|56/251|[from] item: Life Orb\n|move|p2a: Crawdaunt|Aqua Jet|p1a: Lycanroc\n|-supereffective|p1a: Lycanroc\n|-damage|p1a: Lycanroc|0 fnt\n|faint|p1a: Lycanroc\n|\n|upkeep\n|\n|t:|1685109288\n|switch|p1a: Dragapult|Dragapult, L78, F|265/265\n|turn|18\n|\n|t:|1685109299\n|move|p2a: Crawdaunt|Aqua Jet|p1a: Dragapult\n|-resisted|p1a: Dragapult\n|-damage|p1a: Dragapult|205/265\n|move|p1a: Dragapult|Shadow Ball|p2a: Crawdaunt\n|-resisted|p2a: Crawdaunt\n|-damage|p2a: Crawdaunt|0 fnt\n|faint|p2a: Crawdaunt\n|\n|upkeep\n|\n|t:|1685109301\n|switch|p2a: Exploud|Exploud, L84, F|312/312\n|-damage|p2a: Exploud|273/312|[from] Stealth Rock\n|turn|19\n|\n|t:|1685109305\n|-start|p1a: Dragapult|Dynamax|\n|-heal|p1a: Dragapult|410/530|[silent]\n|move|p1a: Dragapult|Max Wyrmwind|p2a: Exploud\n|-damage|p2a: Exploud|116/312\n|-unboost|p2a: Exploud|atk|1\n|move|p2a: Exploud|Boomburst|p1a: Dragapult\n|-damage|p1a: Dragapult|173/530\n|\n|upkeep\n|turn|20\n|\n|t:|1685109318\n|move|p1a: Dragapult|Max Wyrmwind|p2a: Exploud\n|-damage|p2a: Exploud|0 fnt\n|faint|p2a: Exploud\n|\n|upkeep\n|\n|t:|1685109322\n|switch|p2a: Zygarde|Zygarde-10%, L82|223/223\n|-damage|p2a: Zygarde|210/223|[from] Stealth Rock\n|-ability|p2a: Zygarde|Aura Break\n|turn|21\n|\n|t:|1685109324\n|-start|p2a: Zygarde|Dynamax|\n|-heal|p2a: Zygarde|420/446|[silent]\n|move|p2a: Zygarde|Max Guard|p2a: Zygarde\n|-singleturn|p2a: Zygarde|Max Guard\n|move|p1a: Dragapult|Max Wyrmwind|p2a: Zygarde\n|-activate|p2a: Zygarde|move: Max Guard\n|\n|upkeep\n|-end|p1a: Dragapult|Dynamax\n|-heal|p1a: Dragapult|87/265|[silent]\n|turn|22\n|\n|t:|1685109330\n|move|p1a: Dragapult|Shadow Ball|p2a: Zygarde\n|-damage|p2a: Zygarde|305/446\n|-unboost|p2a: Zygarde|spd|1\n|move|p2a: Zygarde|Max Wyrmwind|p1a: Dragapult\n|-supereffective|p1a: Dragapult\n|-damage|p1a: Dragapult|0 fnt\n|faint|p1a: Dragapult\n|-damage|p2a: Zygarde|283/446|[from] item: Life Orb\n|\n|win|gareeb adani\n|raw|Ugur's rating: 1464 &rarr; <strong>1442</strong><br />(-22 for losing)\n|raw|gareeb adani's rating: 1432 &rarr; <strong>1454</strong><br />(+22 for winning)\n|l|\u2606Ugur\n", "inputlog": ">version 61c68e60481ef09071210320730fc448fef50368\n>start {\"formatid\":\"gen8randombattle\",\"seed\":[33697,34781,56828,44764],\"rated\":\"Rated battle\"}\n>player p1 {\"name\":\"Ugur\",\"avatar\":\"2\",\"rating\":1464,\"seed\":[40631,52731,17013,48507]}\n>player p2 {\"name\":\"gareeb adani\",\"avatar\":\"101\",\"rating\":1432,\"seed\":[18715,21779,22460,30116]}\n>p1 move highjumpkick\n>p2 switch 6\n>p1 switch 2\n>p2 move tripleaxel\n>p1 move stealthrock\n>p2 move poltergeist\n>p1 move flashcannon\n>p2 move tripleaxel\n>p1 move flashcannon\n>p2 move poltergeist\n>p1 switch 2\n>p1 move knockoff\n>p2 move tripleaxel\n>p2 switch 4\n>p1 switch 3\n>p2 move dragondance\n>p1 move calmmind\n>p2 move dragondance\n>p1 move shadowball\n>p2 move stoneedge\n>p1 switch 4\n>p1 move psychic\n>p2 move liquidation\n>p2 switch 2\n>p1 move psychic\n>p2 move knockoff\n>p1 switch 3\n>p1 move powerwhip\n>p2 switch 5\n>p1 move powerwhip\n>p2 move shadowball\n>p1 move powerwhip\n>p2 move shadowball\n>p1 switch 5\n>p1 move swordsdance\n>p2 move shadowball\n>p1 move accelerock\n>p2 move shadowball\n>p2 switch 5\n>p1 move accelerock\n>p2 move aquajet\n>p1 switch 6\n>p1 move shadowball\n>p2 move aquajet\n>p2 switch 6\n>p1 move dracometeor dynamax\n>p2 move boomburst\n>p1 move dracometeor dynamax\n>p2 move boomburst\n>p2 switch 3\n>p1 move dracometeor dynamax\n>p2 move coil dynamax\n>p1 move shadowball\n>p2 move outrage dynamax", "uploadtime": 1685109334, "views": 4, "p1id": "ugur", "p2id": "gareebadani", "formatid": "gen8randombattle", "rating": 1442, "private": 0, "password": ""}