{"id": "gen8randombattle-1872911056", "p1": "Darkrai1717", "p2": "Drak4y", "format": "[Gen 8] Random Battle", "log": "|j|\u2606Darkrai1717\n|j|\u2606Drak4y\n|t:|1685299863\n|gametype|singles\n|player|p1|Darkrai1717|265|\n|player|p2|Drak4y|scientistf|\n|teamsize|p1|6\n|teamsize|p2|6\n|gen|8\n|tier|[Gen 8] Random Battle\n|rule|Species Clause: Limit one of each Pok\u00e9mon\n|rule|HP Percentage Mod: HP is shown in percentages\n|rule|Sleep Clause Mod: Limit one foe put to sleep\n|\n|t:|1685299863\n|start\n|switch|p1a: Buzzwole|Buzzwole, L77|291/291\n|switch|p2a: Kommo-o|Kommo-o, L80, F|251/251\n|turn|1\n|c|\u2606Drak4y|Ptsd of kommo-o overworld fixing...\n|j| Iamsleep\n|c| Iamsleep|good luck\n|c|\u2606Darkrai1717|gl hf\n|\n|t:|1685299975\n|switch|p2a: Darmanitan|Darmanitan, L80, M|299/299\n|move|p1a: Buzzwole|Stone Edge|p2a: Darmanitan\n|-supereffective|p2a: Darmanitan\n|-damage|p2a: Darmanitan|67/299\n|\n|upkeep\n|turn|2\n|\n|t:|1685299988\n|move|p1a: Buzzwole|Stone Edge|p2a: Darmanitan\n|-supereffective|p2a: Darmanitan\n|-damage|p2a: Darmanitan|0 fnt\n|faint|p2a: Darmanitan\n|-ability|p1a: Buzzwole|Beast Boost|boost\n|-boost|p1a: Buzzwole|atk|1\n|\n|upkeep\n|\n|t:|1685299999\n|switch|p2a: Rapidash|Rapidash-Galar, L84, M|246/246\n|turn|3\n|\n|t:|1685300017\n|move|p1a: Buzzwole|Stone Edge|p2a: Rapidash\n|-damage|p2a: Rapidash|114/246\n|move|p2a: Rapidash|Zen Headbutt|p1a: Buzzwole\n|-supereffective|p1a: Buzzwole\n|-damage|p1a: Buzzwole|159/291\n|\n|-heal|p2a: Rapidash|129/246|[from] item: Leftovers\n|upkeep\n|turn|4\n|\n|t:|1685300043\n|move|p1a: Buzzwole|Stone Edge|p2a: Rapidash\n|-damage|p2a: Rapidash|0 fnt\n|faint|p2a: Rapidash\n|-ability|p1a: Buzzwole|Beast Boost|boost\n|-boost|p1a: Buzzwole|atk|1\n|\n|upkeep\n|\n|t:|1685300051\n|switch|p2a: Mawile|Mawile, L86, F|226/226\n|turn|5\n|\n|t:|1685300056\n|move|p1a: Buzzwole|Stone Edge|p2a: Mawile\n|-resisted|p2a: Mawile\n|-damage|p2a: Mawile|141/226\n|move|p2a: Mawile|Play Rough|p1a: Buzzwole\n|-supereffective|p1a: Buzzwole\n|-damage|p1a: Buzzwole|0 fnt\n|faint|p1a: Buzzwole\n|\n|upkeep\n|c|\u2606Darkrai1717|unfortunate\n|\n|t:|1685300076\n|switch|p1a: Marowak|Marowak, L86, M|243/243\n|turn|6\n|\n|t:|1685300120\n|move|p2a: Mawile|Iron Head|p1a: Marowak\n|-damage|p1a: Marowak|136/243\n|move|p1a: Marowak|Swords Dance|p1a: Marowak\n|-boost|p1a: Marowak|atk|2\n|\n|upkeep\n|turn|7\n|\n|t:|1685300129\n|move|p2a: Mawile|Iron Head|p1a: Marowak\n|-damage|p1a: Marowak|15/243\n|move|p1a: Marowak|Earthquake|p2a: Mawile\n|-supereffective|p2a: Mawile\n|-damage|p2a: Mawile|0 fnt\n|faint|p2a: Mawile\n|\n|upkeep\n|\n|t:|1685300140\n|switch|p2a: Corsola|Corsola-Galar, L84, F|238/238\n|turn|8\n|\n|t:|1685300180\n|move|p1a: Marowak|Knock Off|p2a: Corsola\n|-supereffective|p2a: Corsola\n|-damage|p2a: Corsola|0 fnt\n|-start|p1a: Marowak|Disable|Knock Off|[from] ability: Cursed Body|[of] p2a: Corsola\n|-enditem|p2a: Corsola|Eviolite|[from] move: Knock Off|[of] p1a: Marowak\n|faint|p2a: Corsola\n|\n|upkeep\n|\n|t:|1685300188\n|switch|p2a: Mewtwo|Mewtwo, L72|272/272\n|-ability|p2a: Mewtwo|Unnerve\n|turn|9\n|\n|t:|1685300203\n|move|p2a: Mewtwo|Shadow Ball|p1a: Marowak\n|-damage|p1a: Marowak|0 fnt\n|faint|p1a: Marowak\n|\n|upkeep\n|\n|t:|1685300227\n|switch|p1a: Beheeyem|Beheeyem, L86, M|269/269\n|turn|10\n|j| 5attab\n|\n|t:|1685300251\n|move|p2a: Mewtwo|Psystrike|p1a: Beheeyem\n|-resisted|p1a: Beheeyem\n|-crit|p1a: Beheeyem\n|-damage|p1a: Beheeyem|170/269\n|move|p1a: Beheeyem|Trick Room|p1a: Beheeyem\n|-fieldstart|move: Trick Room|[of] p1a: Beheeyem\n|\n|upkeep\n|turn|11\n|\n|t:|1685300267\n|move|p1a: Beheeyem|Shadow Ball|p2a: Mewtwo\n|-supereffective|p2a: Mewtwo\n|-damage|p2a: Mewtwo|59/272\n|-unboost|p2a: Mewtwo|spd|1\n|-damage|p1a: Beheeyem|144/269|[from] item: Life Orb\n|move|p2a: Mewtwo|Shadow Ball|p1a: Beheeyem\n|-supereffective|p1a: Beheeyem\n|-damage|p1a: Beheeyem|38/269\n|\n|-heal|p2a: Mewtwo|76/272|[from] item: Leftovers\n|upkeep\n|turn|12\n|\n|t:|1685300280\n|move|p1a: Beheeyem|Shadow Ball|p2a: Mewtwo\n|-supereffective|p2a: Mewtwo\n|-damage|p2a: Mewtwo|0 fnt\n|faint|p2a: Mewtwo\n|-damage|p1a: Beheeyem|12/269|[from] item: Life Orb\n|\n|upkeep\n|c| 5attab|alien vs akien\n|\n|t:|1685300287\n|switch|p2a: Kommo-o|Kommo-o, L80, F|251/251\n|turn|13\n|\n|t:|1685300299\n|move|p1a: Beheeyem|Psychic|p2a: Kommo-o\n|-supereffective|p2a: Kommo-o\n|-damage|p2a: Kommo-o|0 fnt\n|faint|p2a: Kommo-o\n|-damage|p1a: Beheeyem|0 fnt|[from] item: Life Orb\n|faint|p1a: Beheeyem\n|\n|win|Darkrai1717\n|c|\u2606Darkrai1717|GG\n|c| Iamsleep|gg\n", "inputlog": ">version d74822bbc74c095aa312053f7034baee3068d99e\n>start {\"formatid\":\"gen8randombattle\",\"seed\":[35417,35295,20872,6985]}\n>player p1 {\"name\":\"Darkrai1717\",\"avatar\":\"265\",\"rating\":0,\"seed\":[45869,9027,51663,26335]}\n>player p2 {\"name\":\"Drak4y\",\"avatar\":\"scientistf\",\"rating\":0,\"seed\":[30931,53919,63190,20367]}\n>chat \u2606Drak4y|Ptsd of kommo-o overworld fixing...\n>chat  Iamsleep|good luck\n>chat \u2606Darkrai1717|gl hf\n>p1 move stoneedge\n>p2 switch 2\n>p1 move stoneedge\n>p2 move flareblitz\n>p2 switch 3\n>p1 move stoneedge\n>p2 move zenheadbutt\n>p1 move stoneedge\n>p2 move playrough\n>p2 switch 5\n>p1 move stoneedge\n>p2 move playrough\n>chat \u2606Darkrai1717|unfortunate\n>p1 switch 6\n>p1 move swordsdance\n>p2 move ironhead\n>p1 move earthquake\n>p2 move ironhead\n>p2 switch 6\n>p1 move knockoff\n>p2 move willowisp\n>p2 switch 4\n>p1 move doubleedge\n>p2 move shadowball\n>p1 switch 5\n>p1 move trickroom\n>p2 move psystrike\n>p1 move shadowball\n>p2 move shadowball\n>p1 move shadowball\n>p2 move shadowball\n>chat  5attab|alien vs akien\n>p2 switch 2\n>p1 move psychic\n>p2 move clangingscales", "uploadtime": 1685300308, "views": 4, "p1id": "darkrai1717", "p2id": "drak4y", "formatid": "gen8randombattle", "rating": 0, "private": 0, "password": ""}