|j|☆Aadi256
|j|☆iTec
|t:|1685563089
|gametype|singles
|player|p1|Aadi256|shadowtriad|1218
|player|p2|iTec|266|1298
|teamsize|p1|6
|teamsize|p2|6
|gen|8
|tier|[Gen 8] Random Battle
|rated|
|rule|Species Clause: Limit one of each Pokémon
|rule|HP Percentage Mod: HP is shown in percentages
|rule|Sleep Clause Mod: Limit one foe put to sleep
|
|t:|1685563089
|start
|switch|p1a: Scolipede|Scolipede, L80, M|227/227
|switch|p2a: Butterfree|Butterfree, L87, F|246/246
|turn|1
|
|t:|1685563114
|move|p1a: Scolipede|Toxic Spikes|p2a: Butterfree
|-sidestart|p2: iTec|move: Toxic Spikes
|move|p2a: Butterfree|Hurricane|p1a: Scolipede
|-supereffective|p1a: Scolipede
|-damage|p1a: Scolipede|0 fnt
|faint|p1a: Scolipede
|
|upkeep
|
|t:|1685563128
|switch|p1a: Rhydon|Rhydon, L87, M|324/324
|turn|2
|
|t:|1685563134
|move|p2a: Butterfree|Energy Ball|p1a: Rhydon
|-supereffective|p1a: Rhydon
|-damage|p1a: Rhydon|60/324
|move|p1a: Rhydon|Stone Edge|p2a: Butterfree
|-supereffective|p2a: Butterfree
|-damage|p2a: Butterfree|0 fnt
|faint|p2a: Butterfree
|
|upkeep
|
|t:|1685563152
|switch|p2a: Clawitzer|Clawitzer, L84, F|256/256
|-status|p2a: Clawitzer|psn
|turn|3
|
|t:|1685563181
|move|p2a: Clawitzer|U-turn|p1a: Rhydon
|-damage|p1a: Rhydon|40/324
|
|t:|1685563185
|switch|p2a: Claydol|Claydol, L86|243/243|[from] U-turn
|move|p1a: Rhydon|Megahorn|p2a: Claydol
|-supereffective|p2a: Claydol
|-damage|p2a: Claydol|51/243
|
|-heal|p2a: Claydol|66/243|[from] item: Leftovers
|upkeep
|turn|4
|
|t:|1685563203
|move|p2a: Claydol|Earthquake|p1a: Rhydon
|-supereffective|p1a: Rhydon
|-damage|p1a: Rhydon|0 fnt
|faint|p1a: Rhydon
|
|-heal|p2a: Claydol|81/243|[from] item: Leftovers
|upkeep
|
|t:|1685563233
|switch|p1a: Solgaleo|Solgaleo, L72|316/316
|turn|5
|
|t:|1685563249
|move|p1a: Solgaleo|Knock Off|p2a: Claydol
|-supereffective|p2a: Claydol
|-damage|p2a: Claydol|0 fnt
|-enditem|p2a: Claydol|Leftovers|[from] move: Knock Off|[of] p1a: Solgaleo
|faint|p2a: Claydol
|
|upkeep
|
|t:|1685563270
|switch|p2a: Clawitzer|Clawitzer, L84, F|256/256 psn
|turn|6
|
|t:|1685563286
|switch|p1a: Xatu|Xatu, L89, F|260/260
|move|p2a: Clawitzer|Dark Pulse|p1a: Xatu
|-supereffective|p1a: Xatu
|-damage|p1a: Xatu|0 fnt
|faint|p1a: Xatu
|
|-damage|p2a: Clawitzer|224/256 psn|[from] psn
|upkeep
|
|t:|1685563294
|switch|p1a: Swampert|Swampert, L80, F|291/291
|turn|7
|
|t:|1685563325
|switch|p2a: Vikavolt|Vikavolt, L82, F|260/260
|move|p1a: Swampert|Earthquake|p2a: Vikavolt
|-immune|p2a: Vikavolt|[from] ability: Levitate
|
|upkeep
|turn|8
|
|t:|1685563342
|move|p1a: Swampert|Toxic|p2a: Vikavolt
|-status|p2a: Vikavolt|tox
|move|p2a: Vikavolt|Sticky Web|p1a: Swampert
|-sidestart|p1: Aadi256|move: Sticky Web
|
|-damage|p2a: Vikavolt|244/260 tox|[from] psn
|upkeep
|turn|9
|
|t:|1685563354
|move|p1a: Swampert|Stealth Rock|p2a: Vikavolt
|-sidestart|p2: iTec|move: Stealth Rock
|move|p2a: Vikavolt|Bug Buzz|p1a: Swampert
|-damage|p1a: Swampert|156/291
|
|-heal|p1a: Swampert|174/291|[from] item: Leftovers
|-damage|p2a: Vikavolt|212/260 tox|[from] psn
|upkeep
|turn|10
|
|t:|1685563362
|move|p1a: Swampert|Scald|p2a: Vikavolt
|-damage|p2a: Vikavolt|125/260 tox
|move|p2a: Vikavolt|Bug Buzz|p1a: Swampert
|-damage|p1a: Swampert|41/291
|
|-heal|p1a: Swampert|59/291|[from] item: Leftovers
|-damage|p2a: Vikavolt|77/260 tox|[from] psn
|upkeep
|turn|11
|
|t:|1685563374
|move|p1a: Swampert|Scald|p2a: Vikavolt
|-damage|p2a: Vikavolt|0 fnt
|faint|p2a: Vikavolt
|
|-heal|p1a: Swampert|77/291|[from] item: Leftovers
|upkeep
|
|t:|1685563391
|switch|p2a: Clawitzer|Clawitzer, L84, F|224/256 psn
|-damage|p2a: Clawitzer|192/256 psn|[from] Stealth Rock
|turn|12
|
|t:|1685563402
|move|p2a: Clawitzer|Dark Pulse|p1a: Swampert
|-damage|p1a: Swampert|0 fnt
|faint|p1a: Swampert
|
|-damage|p2a: Clawitzer|160/256 psn|[from] psn
|upkeep
|
|t:|1685563416
|switch|p1a: Farfetch’d|Farfetch’d, L90, M|239/239
|turn|13
|
|t:|1685563455
|move|p1a: Farfetch’d|Leaf Blade|p2a: Clawitzer
|-supereffective|p2a: Clawitzer
|-crit|p2a: Clawitzer
|-damage|p2a: Clawitzer|0 fnt
|faint|p2a: Clawitzer
|
|upkeep
|
|t:|1685563469
|switch|p2a: Aggron|Aggron, L85, M|258/258
|-damage|p2a: Aggron|242/258|[from] Stealth Rock
|-item|p2a: Aggron|Air Balloon
|turn|14
|
|t:|1685563489
|-start|p1a: Farfetch’d|Dynamax|
|-heal|p1a: Farfetch’d|478/478|[silent]
|move|p1a: Farfetch’d|Max Knuckle|p2a: Aggron
|-supereffective|p2a: Aggron
|-damage|p2a: Aggron|62/258
|-boost|p1a: Farfetch’d|atk|1
|-enditem|p2a: Aggron|Air Balloon
|move|p2a: Aggron|Head Smash|p1a: Farfetch’d|[miss]
|-miss|p2a: Aggron|p1a: Farfetch’d
|
|upkeep
|turn|15
|
|t:|1685563505
|move|p1a: Farfetch’d|Max Knuckle|p2a: Aggron
|-supereffective|p2a: Aggron
|-damage|p2a: Aggron|0 fnt
|-boost|p1a: Farfetch’d|atk|1
|faint|p2a: Aggron
|
|upkeep
|
|t:|1685563512
|switch|p2a: Stunfisk|Stunfisk-Galar, L84, F|320/320
|-damage|p2a: Stunfisk|310/320|[from] Stealth Rock
|turn|16
|-message|iTec forfeited.
|
|win|Aadi256
|raw|Aadi256's rating: 1218 &rarr; <strong>1249</strong><br />(+31 for winning)
|raw|iTec's rating: 1298 &rarr; <strong>1267</strong><br />(-31 for losing)
|l|☆iTec
