{"id": "gen8randombattle-1873696699", "p1": "Marionette_playzYT", "p2": "gopqy", "format": "[Gen 8] Random Battle", "log": "|j|\u2606Marionette_playzYT\n|j|\u2606gopqy\n|t:|1685407415\n|gametype|singles\n|player|p1|Marionette_playzYT|steven|\n|player|p2|gopqy|selene|\n|teamsize|p1|6\n|teamsize|p2|6\n|gen|8\n|tier|[Gen 8] Random Battle\n|rule|Species Clause: Limit one of each Pok\u00e9mon\n|rule|HP Percentage Mod: HP is shown in percentages\n|rule|Sleep Clause Mod: Limit one foe put to sleep\n|\n|t:|1685407415\n|start\n|switch|p1a: Scyther|Scyther, L81, F|245/245\n|switch|p2a: Slurpuff|Slurpuff, L80, F|262/262\n|turn|1\n|\n|t:|1685407439\n|move|p1a: Scyther|Swords Dance|p1a: Scyther\n|-boost|p1a: Scyther|atk|2\n|move|p2a: Slurpuff|Belly Drum|p2a: Slurpuff\n|-damage|p2a: Slurpuff|131/262\n|-setboost|p2a: Slurpuff|atk|6|[from] move: Belly Drum\n|-enditem|p2a: Slurpuff|Sitrus Berry|[eat]\n|-heal|p2a: Slurpuff|196/262|[from] item: Sitrus Berry\n|\n|upkeep\n|turn|2\n|\n|t:|1685407466\n|-start|p2a: Slurpuff|Dynamax|\n|-heal|p2a: Slurpuff|392/524|[silent]\n|move|p2a: Slurpuff|Max Starfall|p1a: Scyther\n|-damage|p1a: Scyther|0 fnt\n|-fieldstart|move: Misty Terrain\n|faint|p1a: Scyther\n|\n|upkeep\n|\n|t:|1685407476\n|switch|p1a: Registeel|Registeel, L83|268/268\n|turn|3\n|\n|t:|1685407493\n|-start|p1a: Registeel|Dynamax|\n|-heal|p1a: Registeel|536/536|[silent]\n|move|p2a: Slurpuff|Max Starfall|p1a: Registeel\n|-resisted|p1a: Registeel\n|-crit|p1a: Registeel\n|-damage|p1a: Registeel|311/536\n|move|p1a: Registeel|Max Steelspike|p2a: Slurpuff\n|-supereffective|p2a: Slurpuff\n|-damage|p2a: Slurpuff|158/524\n|-boost|p1a: Registeel|def|1\n|\n|upkeep\n|turn|4\n|\n|t:|1685407525\n|move|p1a: Registeel|Max Guard|p1a: Registeel\n|-singleturn|p1a: Registeel|Max Guard\n|move|p2a: Slurpuff|Max Knuckle|p1a: Registeel\n|-activate|p1a: Registeel|move: Max Guard\n|\n|upkeep\n|-end|p2a: Slurpuff|Dynamax\n|-heal|p2a: Slurpuff|79/262|[silent]\n|turn|5\n|\n|t:|1685407571\n|switch|p2a: Dragapult|Dragapult, L78, F|265/265\n|move|p1a: Registeel|Max Steelspike|p2a: Dragapult\n|-damage|p2a: Dragapult|118/265\n|-boost|p1a: Registeel|def|1\n|\n|upkeep\n|-end|p1a: Registeel|Dynamax\n|-heal|p1a: Registeel|156/268|[silent]\n|turn|6\n|\n|t:|1685407590\n|move|p2a: Dragapult|Draco Meteor|p1a: Registeel\n|-resisted|p1a: Registeel\n|-damage|p1a: Registeel|127/268\n|-unboost|p2a: Dragapult|spa|2\n|move|p1a: Registeel|Iron Head|p2a: Dragapult\n|-damage|p2a: Dragapult|30/265\n|\n|-fieldend|Misty Terrain\n|upkeep\n|turn|7\n|\n|t:|1685407612\n|switch|p2a: Porygon2|Porygon2, L82|274/274\n|-ability|p2a: Porygon2|Clear Body|[from] ability: Trace|[of] p1a: Registeel\n|move|p1a: Registeel|Rest|p1a: Registeel\n|-status|p1a: Registeel|slp|[from] move: Rest\n|-heal|p1a: Registeel|268/268 slp|[silent]\n|-enditem|p1a: Registeel|Chesto Berry|[eat]\n|-curestatus|p1a: Registeel|slp|[msg]\n|\n|upkeep\n|turn|8\n|\n|t:|1685407626\n|move|p2a: Porygon2|Ice Beam|p1a: Registeel\n|-resisted|p1a: Registeel\n|-damage|p1a: Registeel|245/268\n|move|p1a: Registeel|Body Press|p2a: Porygon2\n|-supereffective|p2a: Porygon2\n|-damage|p2a: Porygon2|64/274\n|\n|upkeep\n|turn|9\n|\n|t:|1685407652\n|switch|p2a: Heracross|Heracross, L82, M|265/265\n|move|p1a: Registeel|Body Press|p2a: Heracross\n|-resisted|p2a: Heracross\n|-damage|p2a: Heracross|177/265\n|\n|-status|p2a: Heracross|brn|[from] item: Flame Orb\n|upkeep\n|turn|10\n|\n|t:|1685407679\n|switch|p1a: Xerneas|Xerneas, L67|280/280\n|-ability|p1a: Xerneas|Fairy Aura\n|move|p2a: Heracross|Facade|p1a: Xerneas\n|-damage|p1a: Xerneas|66/280\n|\n|-damage|p2a: Heracross|161/265 brn|[from] brn\n|upkeep\n|turn|11\n|\n|t:|1685407691\n|move|p2a: Heracross|Facade|p1a: Xerneas\n|-damage|p1a: Xerneas|0 fnt\n|faint|p1a: Xerneas\n|\n|-damage|p2a: Heracross|145/265 brn|[from] brn\n|upkeep\n|\n|t:|1685407699\n|switch|p1a: Rotom|Rotom, L84|221/221\n|turn|12\n|\n|t:|1685407705\n|move|p1a: Rotom|Thunderbolt|p2a: Heracross\n|-damage|p2a: Heracross|58/265 brn\n|move|p2a: Heracross|Knock Off|p1a: Rotom\n|-supereffective|p1a: Rotom\n|-damage|p1a: Rotom|0 fnt\n|-enditem|p1a: Rotom|Leftovers|[from] move: Knock Off|[of] p2a: Heracross\n|faint|p1a: Rotom\n|\n|-damage|p2a: Heracross|42/265 brn|[from] brn\n|upkeep\n|\n|t:|1685407717\n|switch|p1a: Scolipede|Scolipede, L80, M|227/227\n|turn|13\n|\n|t:|1685407729\n|move|p1a: Scolipede|Earthquake|p2a: Heracross\n|-resisted|p2a: Heracross\n|-damage|p2a: Heracross|0 fnt\n|faint|p2a: Heracross\n|-damage|p1a: Scolipede|205/227|[from] item: Life Orb\n|\n|-ability|p1a: Scolipede|Speed Boost|boost\n|-boost|p1a: Scolipede|spe|1\n|upkeep\n|\n|t:|1685407748\n|switch|p2a: Dragapult|Dragapult, L78, F|30/265\n|turn|14\n|\n|t:|1685407765\n|move|p1a: Scolipede|Poison Jab|p2a: Dragapult\n|-resisted|p2a: Dragapult\n|-damage|p2a: Dragapult|0 fnt\n|faint|p2a: Dragapult\n|-damage|p1a: Scolipede|183/227|[from] item: Life Orb\n|\n|-ability|p1a: Scolipede|Speed Boost|boost\n|-boost|p1a: Scolipede|spe|1\n|upkeep\n|\n|t:|1685407822\n|switch|p2a: Lanturn|Lanturn, L86, M|355/355\n|turn|15\n|\n|t:|1685407831\n|move|p1a: Scolipede|Earthquake|p2a: Lanturn\n|-supereffective|p2a: Lanturn\n|-damage|p2a: Lanturn|144/355\n|-damage|p1a: Scolipede|161/227|[from] item: Life Orb\n|move|p2a: Lanturn|Heal Bell||[still]\n|-activate|p2a: Lanturn|move: Heal Bell\n|-fail|p2a: Lanturn\n|\n|-heal|p2a: Lanturn|166/355|[from] item: Leftovers\n|-ability|p1a: Scolipede|Speed Boost|boost\n|-boost|p1a: Scolipede|spe|1\n|upkeep\n|turn|16\n|\n|t:|1685407849\n|move|p1a: Scolipede|Earthquake|p2a: Lanturn\n|-supereffective|p2a: Lanturn\n|-damage|p2a: Lanturn|0 fnt\n|faint|p2a: Lanturn\n|-damage|p1a: Scolipede|139/227|[from] item: Life Orb\n|\n|-ability|p1a: Scolipede|Speed Boost|boost\n|-boost|p1a: Scolipede|spe|1\n|upkeep\n|\n|t:|1685407860\n|switch|p2a: Garchomp|Garchomp, L74, F|282/282\n|turn|17\n|\n|t:|1685407886\n|move|p1a: Scolipede|Megahorn|p2a: Garchomp\n|-damage|p2a: Garchomp|129/282\n|-damage|p1a: Scolipede|111/227|[from] ability: Rough Skin|[of] p2a: Garchomp\n|-damage|p1a: Scolipede|89/227|[from] item: Life Orb\n|move|p2a: Garchomp|Stone Edge|p1a: Scolipede\n|-supereffective|p1a: Scolipede\n|-damage|p1a: Scolipede|0 fnt\n|faint|p1a: Scolipede\n|\n|upkeep\n|\n|t:|1685407896\n|switch|p1a: Regidrago|Regidrago, L78|440/440\n|turn|18\n|\n|t:|1685407933\n|move|p2a: Garchomp|Fire Blast|p1a: Regidrago\n|-resisted|p1a: Regidrago\n|-damage|p1a: Regidrago|414/440\n|move|p1a: Regidrago|Outrage|p2a: Garchomp\n|-supereffective|p2a: Garchomp\n|-damage|p2a: Garchomp|0 fnt\n|-damage|p1a: Regidrago|359/440|[from] ability: Rough Skin|[of] p2a: Garchomp\n|faint|p2a: Garchomp\n|\n|upkeep\n|\n|t:|1685407953\n|switch|p2a: Porygon2|Porygon2, L82|64/274\n|-ability|p2a: Porygon2|Dragon's Maw|[from] ability: Trace|[of] p1a: Regidrago\n|turn|19\n|\n|t:|1685407964\n|move|p1a: Regidrago|Outrage|p2a: Porygon2|[from]lockedmove\n|-damage|p2a: Porygon2|0 fnt\n|faint|p2a: Porygon2\n|-start|p1a: Regidrago|confusion|[fatigue]\n|\n|upkeep\n|\n|t:|1685407975\n|switch|p2a: Slurpuff|Slurpuff, L80, F|79/262\n|turn|20\n|\n|t:|1685407980\n|-activate|p1a: Regidrago|confusion\n|move|p1a: Regidrago|Fire Fang|p2a: Slurpuff\n|-damage|p2a: Slurpuff|33/262\n|move|p2a: Slurpuff|Drain Punch|p1a: Regidrago\n|-damage|p1a: Regidrago|291/440\n|-heal|p2a: Slurpuff|67/262|[from] drain|[of] p1a: Regidrago\n|\n|upkeep\n|turn|21\n|\n|t:|1685407989\n|-activate|p1a: Regidrago|confusion\n|move|p1a: Regidrago|Fire Fang|p2a: Slurpuff\n|-damage|p2a: Slurpuff|24/262\n|move|p2a: Slurpuff|Drain Punch|p1a: Regidrago\n|-damage|p1a: Regidrago|218/440\n|-heal|p2a: Slurpuff|61/262|[from] drain|[of] p1a: Regidrago\n|\n|upkeep\n|turn|22\n|\n|t:|1685408019\n|-activate|p1a: Regidrago|confusion\n|-damage|p1a: Regidrago|178/440|[from] confusion\n|move|p2a: Slurpuff|Play Rough|p1a: Regidrago\n|-supereffective|p1a: Regidrago\n|-damage|p1a: Regidrago|0 fnt\n|faint|p1a: Regidrago\n|\n|upkeep\n|\n|t:|1685408027\n|switch|p1a: Registeel|Registeel, L83|245/268\n|turn|23\n|\n|t:|1685408038\n|move|p2a: Slurpuff|Drain Punch|p1a: Registeel\n|-supereffective|p1a: Registeel\n|-damage|p1a: Registeel|185/268\n|-heal|p2a: Slurpuff|91/262|[from] drain|[of] p1a: Registeel\n|move|p1a: Registeel|Iron Head|p2a: Slurpuff\n|-supereffective|p2a: Slurpuff\n|-damage|p2a: Slurpuff|0 fnt\n|faint|p2a: Slurpuff\n|\n|win|Marionette_playzYT\n|l|\u2606Marionette_playzYT\n", "inputlog": ">version 6fec31d5a0d4498a06105aa188c9906bc0b6bf95\n>start {\"formatid\":\"gen8randombattle\",\"seed\":[48519,3846,53042,23145]}\n>player p1 {\"name\":\"Marionette_playzYT\",\"avatar\":\"steven\",\"rating\":0,\"seed\":[32171,50485,49318,44022]}\n>player p2 {\"name\":\"gopqy\",\"avatar\":\"selene\",\"rating\":0,\"seed\":[26947,30208,42785,60971]}\n>p1 move swordsdance\n>p2 move bellydrum\n>p1 move dualwingbeat\n>p2 move playrough dynamax\n>p1 switch 6\n>p1 move ironhead dynamax\n>p2 move playrough dynamax\n>p1 move rest dynamax\n>p2 move drainpunch dynamax\n>p1 move ironhead dynamax\n>p2 switch 6\n>p1 move ironhead\n>p2 move dracometeor\n>p1 move rest\n>p2 switch 3\n>p1 move bodypress\n>p2 move icebeam\n>p1 move bodypress\n>p2 switch 4\n>p1 switch 4\n>p2 move facade\n>p1 move moonblast\n>p2 move facade\n>p1 switch 2\n>p1 move thunderbolt\n>p2 move knockoff\n>p1 switch 3\n>p1 move earthquake\n>p2 move facade\n>p2 switch 3\n>p1 move poisonjab\n>p2 move fireblast\n>p2 switch 2\n>p1 move earthquake\n>p2 move healbell\n>p1 move earthquake\n>p2 move healbell\n>p2 switch 5\n>p1 move megahorn\n>p2 move stoneedge\n>p1 switch 5\n>p1 move outrage\n>p2 move fireblast\n>p2 switch 4\n>p1 move outrage\n>p2 move recover\n>p2 switch 6\n>p1 move firefang\n>p2 move drainpunch\n>p1 move firefang\n>p2 move drainpunch\n>p1 move firefang\n>p2 move playrough\n>p1 switch 4\n>p1 move ironhead\n>p2 move drainpunch", "uploadtime": 1685408054, "views": 5, "p1id": "marionetteplayzyt", "p2id": "gopqy", "formatid": "gen8randombattle", "rating": 0, "private": 0, "password": ""}