{"id": "gen8randombattle-1874847085", "p1": "PillowyFour02", "p2": "kvothe the red", "format": "[Gen 8] Random Battle", "log": "|j|\u2606PillowyFour02\n|j|\u2606kvothe the red\n|inactive|Battle timer is ON: inactive players will automatically lose when time's up.\n|t:|1685546209\n|gametype|singles\n|player|p1|PillowyFour02|rocketgrunt|\n|j|*Lady Monita\n|player|p2|kvothe the red|#deftinwolf|\n|teamsize|p1|3\n|teamsize|p2|3\n|gen|8\n|tier|[Gen 8] Random Battle\n|rated|Tournament battle\n|rule|Species Clause: Limit one of each Pok\u00e9mon\n|rule|HP Percentage Mod: HP is shown in percentages\n|rule|Sleep Clause Mod: Limit one foe put to sleep\n|clearpoke\n|poke|p1|Sigilyph, L83, F|\n|poke|p1|Pikachu-Alola, L92, M|\n|poke|p1|Yveltal, L69|\n|poke|p2|Salamence, L76, M|\n|poke|p2|Grapploct, L86, M|\n|poke|p2|Kartana, L74|\n|teampreview|1\n|inactive|PillowyFour02 also wants the timer to be on.\n|c|\u2606kvothe the red|glhf\n|c|\u2606PillowyFour02|glhf!\n|inactive|PillowyFour02 has 120 seconds left.\n|\n|t:|1685546245\n|start\n|switch|p1a: Sigilyph|Sigilyph, L83, F|255/255\n|switch|p2a: Salamence|Salamence, L76, M|269/269\n|turn|1\n|\n|t:|1685546268\n|-start|p1a: Sigilyph|Dynamax|\n|-heal|p1a: Sigilyph|510/510|[silent]\n|move|p1a: Sigilyph|Max Mindstorm|p2a: Salamence\n|-damage|p2a: Salamence|106/269\n|-fieldstart|move: Psychic Terrain\n|move|p2a: Salamence|Dragon Dance|p2a: Salamence\n|-boost|p2a: Salamence|atk|1\n|-boost|p2a: Salamence|spe|1\n|\n|upkeep\n|turn|2\n|\n|t:|1685546274\n|-start|p2a: Salamence|Dynamax|\n|-heal|p2a: Salamence|212/538|[silent]\n|move|p2a: Salamence|Max Guard|p2a: Salamence\n|-singleturn|p2a: Salamence|Max Guard\n|move|p1a: Sigilyph|Max Mindstorm|p2a: Salamence\n|-activate|p2a: Salamence|move: Max Guard\n|\n|upkeep\n|turn|3\n|\n|t:|1685546281\n|move|p2a: Salamence|Max Wyrmwind|p1a: Sigilyph\n|-damage|p1a: Sigilyph|248/510\n|-unboost|p1a: Sigilyph|atk|1\n|move|p1a: Sigilyph|Max Mindstorm|p2a: Salamence\n|-damage|p2a: Salamence|52/538\n|\n|upkeep\n|-end|p1a: Sigilyph|Dynamax\n|-heal|p1a: Sigilyph|124/255|[silent]\n|turn|4\n|\n|t:|1685546287\n|move|p2a: Salamence|Max Wyrmwind|p1a: Sigilyph\n|-crit|p1a: Sigilyph\n|-damage|p1a: Sigilyph|0 fnt\n|faint|p1a: Sigilyph\n|\n|win|kvothe the red\n|n|\u2606PillowyFour02|pillowyfour02\n|n|\u2606kvothe the red|kvothethered\n|n|*Lady Monita|ladymonita\n|l|*Lady Monita\n|c|\u2606kvothe the red|gg\n|l|\u2606PillowyFour02\n|l|\u2606kvothe the red\n|j|\u2606kvothe the red\n|player|p2|kvothe the red|#deftinwolf\n", "inputlog": ">version d94486096666f9f03053a01e17a1c7fdbd408dfa\n>start {\"formatid\":\"gen8randombattle@@@Team Preview,maxteamsize=3,pickedteamsize=1\",\"seed\":[17521,27701,14810,35294],\"rated\":\"Tournament battle\"}\n>player p1 {\"name\":\"PillowyFour02\",\"avatar\":\"rocketgrunt\",\"rating\":0,\"seed\":[59832,20125,59563,20618]}\n>player p2 {\"name\":\"kvothe the red\",\"avatar\":\"#deftinwolf\",\"rating\":0,\"seed\":[14500,15274,53718,52557]}\n>chat \u2606kvothe the red|glhf \n>chat \u2606PillowyFour02|glhf!\n>p1 team 1\n>p2 team 1\n>p1 move psychic dynamax\n>p2 move dragondance\n>p1 move psychic dynamax\n>p2 move dragondance dynamax\n>p1 move psychic dynamax\n>p2 move outrage dynamax\n>p1 move psychic\n>p2 move outrage dynamax", "uploadtime": 1685546304, "views": 3, "p1id": "pillowyfour02", "p2id": "kvothethered", "formatid": "gen8randombattle", "rating": 0, "private": 0, "password": ""}