{"id": "gen8randombattle-1871609627", "p1": "ABHI625", "p2": "Abella Dvnger", "format": "[Gen 8] Random Battle", "log": "|j|\u2606ABHI625\n|j|\u2606Abella Dvnger\n|t:|1685112132\n|gametype|singles\n|player|p1|ABHI625|wallace|1097\n|player|p2|Abella Dvnger|169|1214\n|teamsize|p1|6\n|teamsize|p2|6\n|gen|8\n|tier|[Gen 8] Random Battle\n|rated|\n|rule|Species Clause: Limit one of each Pok\u00e9mon\n|rule|HP Percentage Mod: HP is shown in percentages\n|rule|Sleep Clause Mod: Limit one foe put to sleep\n|\n|t:|1685112132\n|start\n|switch|p1a: Rotom|Rotom-Frost, L84|221/221\n|switch|p2a: Dugtrio|Dugtrio-Alola, L82, F|192/192\n|turn|1\n|\n|t:|1685112203\n|switch|p1a: Conkeldurr|Conkeldurr, L80, M|299/299\n|move|p2a: Dugtrio|Iron Head|p1a: Conkeldurr\n|-damage|p1a: Conkeldurr|223/299\n|\n|-status|p1a: Conkeldurr|brn|[from] item: Flame Orb\n|upkeep\n|turn|2\n|\n|t:|1685112221\n|switch|p2a: Noivern|Noivern, L82, M|274/274\n|move|p1a: Conkeldurr|Close Combat|p2a: Noivern\n|-resisted|p2a: Noivern\n|-damage|p2a: Noivern|134/274\n|-unboost|p1a: Conkeldurr|def|1\n|-unboost|p1a: Conkeldurr|spd|1\n|\n|-damage|p1a: Conkeldurr|205/299 brn|[from] brn\n|upkeep\n|turn|3\n|\n|t:|1685112231\n|move|p2a: Noivern|Hurricane|p1a: Conkeldurr\n|-supereffective|p1a: Conkeldurr\n|-damage|p1a: Conkeldurr|0 fnt\n|faint|p1a: Conkeldurr\n|\n|upkeep\n|\n|t:|1685112243\n|switch|p1a: Darmanitan|Darmanitan, L80, M|299/299\n|turn|4\n|\n|t:|1685112250\n|move|p2a: Noivern|Draco Meteor|p1a: Darmanitan\n|-damage|p1a: Darmanitan|124/299\n|-unboost|p2a: Noivern|spa|2\n|move|p1a: Darmanitan|Rock Slide|p2a: Noivern\n|-supereffective|p2a: Noivern\n|-damage|p2a: Noivern|0 fnt\n|faint|p2a: Noivern\n|\n|upkeep\n|\n|t:|1685112260\n|switch|p2a: Dugtrio|Dugtrio-Alola, L82, F|192/192\n|turn|5\n|\n|t:|1685112275\n|move|p2a: Dugtrio|Earthquake|p1a: Darmanitan\n|-supereffective|p1a: Darmanitan\n|-damage|p1a: Darmanitan|0 fnt\n|faint|p1a: Darmanitan\n|\n|upkeep\n|\n|t:|1685112295\n|switch|p1a: Tsareena|Tsareena, L84, F|258/258\n|turn|6\n|\n|t:|1685112302\n|move|p2a: Dugtrio|Stealth Rock|p1a: Tsareena\n|-sidestart|p1: ABHI625|move: Stealth Rock\n|move|p1a: Tsareena|Power Whip|p2a: Dugtrio\n|-enditem|p2a: Dugtrio|Focus Sash\n|-damage|p2a: Dugtrio|1/192\n|-ability|p2a: Dugtrio|Tangling Hair\n|-unboost|p1a: Tsareena|spe|1\n|\n|upkeep\n|turn|7\n|\n|t:|1685112317\n|move|p2a: Dugtrio|Iron Head|p1a: Tsareena\n|-crit|p1a: Tsareena\n|-damage|p1a: Tsareena|146/258\n|move|p1a: Tsareena|Knock Off|p2a: Dugtrio\n|-damage|p2a: Dugtrio|0 fnt\n|-ability|p2a: Dugtrio|Tangling Hair\n|-unboost|p1a: Tsareena|spe|1\n|faint|p2a: Dugtrio\n|\n|upkeep\n|\n|t:|1685112341\n|switch|p2a: Orbeetle|Orbeetle, L86, F|243/243\n|-item|p1a: Tsareena|Assault Vest|[from] ability: Frisk|[of] p2a: Orbeetle|[identify]\n|turn|8\n|\n|t:|1685112360\n|switch|p1a: Rotom|Rotom-Frost, L84|221/221\n|move|p2a: Orbeetle|Calm Mind|p2a: Orbeetle\n|-boost|p2a: Orbeetle|spa|1\n|-boost|p2a: Orbeetle|spd|1\n|\n|upkeep\n|turn|9\n|\n|t:|1685112402\n|move|p2a: Orbeetle|Psychic|p1a: Rotom\n|-damage|p1a: Rotom|101/221\n|-unboost|p1a: Rotom|spd|1\n|move|p1a: Rotom|Thunderbolt|p2a: Orbeetle\n|-damage|p2a: Orbeetle|194/243\n|\n|upkeep\n|turn|10\n|\n|t:|1685112424\n|move|p2a: Orbeetle|Psychic|p1a: Rotom\n|-damage|p1a: Rotom|0 fnt\n|faint|p1a: Rotom\n|\n|upkeep\n|\n|t:|1685112444\n|switch|p1a: Mesprit|Mesprit, L84|272/272\n|-damage|p1a: Mesprit|238/272|[from] Stealth Rock\n|turn|11\n|\n|t:|1685112448\n|move|p2a: Orbeetle|Bug Buzz|p1a: Mesprit\n|-supereffective|p1a: Mesprit\n|-damage|p1a: Mesprit|8/272\n|move|p1a: Mesprit|Thunder Wave|p2a: Orbeetle|[miss]\n|-miss|p1a: Mesprit|p2a: Orbeetle\n|\n|-heal|p1a: Mesprit|25/272|[from] item: Leftovers\n|upkeep\n|turn|12\n|c|\u2606Abella Dvnger|:/\n|c|\u2606ABHI625|?\n|\n|t:|1685112490\n|move|p2a: Orbeetle|Bug Buzz|p1a: Mesprit\n|-supereffective|p1a: Mesprit\n|-damage|p1a: Mesprit|0 fnt\n|faint|p1a: Mesprit\n|\n|upkeep\n|\n|t:|1685112517\n|switch|p1a: Tsareena|Tsareena, L84, F|146/258\n|-damage|p1a: Tsareena|114/258|[from] Stealth Rock\n|turn|13\n|c|\u2606Abella Dvnger|That was unlucky the missed thunder wave\n|\n|t:|1685112526\n|move|p2a: Orbeetle|Psychic|p1a: Tsareena\n|-damage|p1a: Tsareena|30/258\n|move|p1a: Tsareena|Rapid Spin|p2a: Orbeetle\n|-damage|p2a: Orbeetle|158/243\n|-boost|p1a: Tsareena|spe|1\n|-sideend|p1: ABHI625|Stealth Rock|[from] move: Rapid Spin|[of] p1a: Tsareena\n|\n|upkeep\n|turn|14\n|c|\u2606ABHI625|Yeah\n|c|\u2606Abella Dvnger|im dumb\n|\n|t:|1685112543\n|move|p1a: Tsareena|Power Whip|p2a: Orbeetle\n|-resisted|p2a: Orbeetle\n|-damage|p2a: Orbeetle|95/243\n|move|p2a: Orbeetle|Bug Buzz|p1a: Tsareena\n|-supereffective|p1a: Tsareena\n|-damage|p1a: Tsareena|0 fnt\n|faint|p1a: Tsareena\n|\n|upkeep\n|c|\u2606Abella Dvnger|should use Bug buzz\n|\n|t:|1685112550\n|switch|p1a: Slowking|Slowking-Galar, L84, M|297/297\n|turn|15\n|\n|t:|1685112557\n|move|p2a: Orbeetle|Calm Mind|p2a: Orbeetle\n|-boost|p2a: Orbeetle|spa|1\n|-boost|p2a: Orbeetle|spd|1\n|move|p1a: Slowking|Fire Blast|p2a: Orbeetle\n|-supereffective|p2a: Orbeetle\n|-damage|p2a: Orbeetle|27/243\n|\n|upkeep\n|turn|16\n|\n|t:|1685112568\n|move|p2a: Orbeetle|Recover|p2a: Orbeetle\n|-heal|p2a: Orbeetle|149/243\n|move|p1a: Slowking|Sludge Bomb|p2a: Orbeetle\n|-damage|p2a: Orbeetle|112/243\n|-status|p2a: Orbeetle|psn\n|\n|-damage|p2a: Orbeetle|82/243 psn|[from] psn\n|upkeep\n|turn|17\n|\n|t:|1685112576\n|move|p2a: Orbeetle|Recover|p2a: Orbeetle\n|-heal|p2a: Orbeetle|204/243 psn\n|move|p1a: Slowking|Fire Blast|p2a: Orbeetle\n|-supereffective|p2a: Orbeetle\n|-damage|p2a: Orbeetle|134/243 psn\n|\n|-damage|p2a: Orbeetle|104/243 psn|[from] psn\n|upkeep\n|turn|18\n|\n|t:|1685112586\n|move|p2a: Orbeetle|Psychic|p1a: Slowking\n|-damage|p1a: Slowking|150/297\n|move|p1a: Slowking|Fire Blast|p2a: Orbeetle\n|-supereffective|p2a: Orbeetle\n|-damage|p2a: Orbeetle|34/243 psn\n|\n|-heal|p1a: Slowking|168/297|[from] item: Black Sludge\n|-damage|p2a: Orbeetle|4/243 psn|[from] psn\n|upkeep\n|turn|19\n|\n|t:|1685112597\n|move|p2a: Orbeetle|Bug Buzz|p1a: Slowking\n|-damage|p1a: Slowking|15/297\n|-unboost|p1a: Slowking|spd|1\n|move|p1a: Slowking|Slack Off|p1a: Slowking\n|-heal|p1a: Slowking|164/297\n|\n|-heal|p1a: Slowking|182/297|[from] item: Black Sludge\n|-damage|p2a: Orbeetle|0 fnt|[from] psn\n|faint|p2a: Orbeetle\n|upkeep\n|inactive|Battle timer is ON: inactive players will automatically lose when time's up. (requested by ABHI625)\n|\n|t:|1685112613\n|switch|p2a: Melmetal|Melmetal, L74|322/322\n|turn|20\n|\n|t:|1685112620\n|-start|p1a: Slowking|Dynamax|\n|-heal|p1a: Slowking|364/594|[silent]\n|move|p1a: Slowking|Max Flare|p2a: Melmetal\n|-supereffective|p2a: Melmetal\n|-damage|p2a: Melmetal|10/322\n|-weather|SunnyDay\n|move|p2a: Melmetal|Double Iron Bash|p1a: Slowking\n|-damage|p1a: Slowking|282/594\n|-damage|p1a: Slowking|198/594\n|-hitcount|p1a: Slowking|2\n|\n|-weather|SunnyDay|[upkeep]\n|-heal|p1a: Slowking|216/594|[from] item: Black Sludge\n|-heal|p2a: Melmetal|30/322|[from] item: Leftovers\n|upkeep\n|turn|21\n|\n|t:|1685112635\n|move|p1a: Slowking|Max Mindstorm|p2a: Melmetal\n|-resisted|p2a: Melmetal\n|-damage|p2a: Melmetal|0 fnt\n|-fieldstart|move: Psychic Terrain\n|faint|p2a: Melmetal\n|\n|-weather|SunnyDay|[upkeep]\n|-heal|p1a: Slowking|234/594|[from] item: Black Sludge\n|upkeep\n|\n|t:|1685112647\n|switch|p2a: Thundurus|Thundurus, L80, M|258/258\n|turn|22\n|\n|t:|1685112655\n|move|p2a: Thundurus|Nasty Plot|p2a: Thundurus\n|-boost|p2a: Thundurus|spa|2\n|move|p1a: Slowking|Max Mindstorm|p2a: Thundurus\n|-damage|p2a: Thundurus|38/258\n|\n|-weather|SunnyDay|[upkeep]\n|-heal|p1a: Slowking|252/594|[from] item: Black Sludge\n|upkeep\n|-end|p1a: Slowking|Dynamax\n|-heal|p1a: Slowking|126/297|[silent]\n|turn|23\n|\n|t:|1685112666\n|-start|p2a: Thundurus|Dynamax|\n|-heal|p2a: Thundurus|76/516|[silent]\n|move|p2a: Thundurus|Max Lightning|p1a: Slowking\n|-damage|p1a: Slowking|0 fnt\n|-fieldstart|move: Electric Terrain\n|faint|p1a: Slowking\n|\n|win|Abella Dvnger\n|raw|ABHI625's rating: 1124 &rarr; <strong>1105</strong><br />(-19 for losing)\n|raw|Abella Dvnger's rating: 1214 &rarr; <strong>1233</strong><br />(+19 for winning)\n|c|\u2606Abella Dvnger|gg\n", "inputlog": ">version 61c68e60481ef09071210320730fc448fef50368\n>start {\"formatid\":\"gen8randombattle\",\"seed\":[28205,2263,10120,50997],\"rated\":\"Rated battle\"}\n>player p1 {\"name\":\"ABHI625\",\"avatar\":\"wallace\",\"rating\":1097,\"seed\":[23278,59349,19316,40545]}\n>player p2 {\"name\":\"Abella Dvnger\",\"avatar\":\"169\",\"rating\":1214,\"seed\":[56238,3475,40919,45831]}\n>p1 switch 4\n>p2 move ironhead\n>p1 move closecombat\n>p2 switch 3\n>p1 move closecombat\n>p2 move hurricane\n>p1 switch 2\n>p1 move rockslide\n>p2 move dracometeor\n>p2 switch 3\n>p1 move earthquake\n>p2 move earthquake\n>p1 switch 5\n>p1 move powerwhip\n>p2 move stealthrock\n>p1 move knockoff\n>p2 move ironhead\n>p2 switch 4\n>p1 switch 4\n>p2 move calmmind\n>p1 move thunderbolt\n>p2 move psychic\n>p1 move willowisp\n>p2 move psychic\n>p1 switch 3\n>p1 move thunderwave\n>p2 move bugbuzz\n>chat \u2606Abella Dvnger|:/\n>chat \u2606ABHI625|?\n>p1 move thunderwave\n>p2 move bugbuzz\n>p1 switch 4\n>chat \u2606Abella Dvnger|That was unlucky the missed thunder wave \n>p1 move rapidspin\n>p2 move psychic\n>chat \u2606ABHI625|Yeah\n>chat \u2606Abella Dvnger|im dumb\n>p1 move powerwhip\n>p2 move bugbuzz\n>chat \u2606Abella Dvnger|should use Bug buzz\n>p1 switch 6\n>p1 move fireblast\n>p2 move calmmind\n>p1 move sludgebomb\n>p2 move recover\n>p1 move fireblast\n>p2 move recover\n>p1 move fireblast\n>p2 move psychic\n>p1 move slackoff\n>p2 move bugbuzz\n>p2 switch 5\n>p1 move fireblast dynamax\n>p2 move doubleironbash\n>p1 move psyshock dynamax\n>p2 move thunderwave\n>p2 switch 2\n>p1 move psyshock dynamax\n>p2 move nastyplot\n>p1 move sludgebomb\n>p2 move thunderbolt dynamax", "uploadtime": 1685112678, "views": 6, "p1id": "abhi625", "p2id": "abelladvnger", "formatid": "gen8randombattle", "rating": 1105, "private": 0, "password": ""}