{"id": "gen8randombattle-1873511652", "p1": "Nextella", "p2": "Genesis mel", "format": "[Gen 8] Random Battle", "log": "|j|\u2606Nextella\n|j|\u2606Genesis mel\n|t:|1685384935\n|gametype|singles\n|player|p1|Nextella|volo|1404\n|player|p2|Genesis mel|1|1314\n|teamsize|p1|6\n|teamsize|p2|6\n|gen|8\n|tier|[Gen 8] Random Battle\n|rated|\n|rule|Species Clause: Limit one of each Pok\u00e9mon\n|rule|HP Percentage Mod: HP is shown in percentages\n|rule|Sleep Clause Mod: Limit one foe put to sleep\n|\n|t:|1685384935\n|start\n|switch|p1a: Salazzle|Salazzle, L82, F|246/246\n|switch|p2a: Gallade|Gallade, L82, M|246/246\n|turn|1\n|\n|t:|1685384964\n|switch|p1a: Runerigus|Runerigus, L84, M|235/235\n|move|p2a: Gallade|Zen Headbutt|p1a: Runerigus\n|-damage|p1a: Runerigus|152/235\n|-activate|p1a: Runerigus|ability: Wandering Spirit|Justified|Wandering Spirit|[of] p2a: Gallade\n|-damage|p2a: Gallade|222/246|[from] item: Life Orb\n|\n|-heal|p1a: Runerigus|166/235|[from] item: Leftovers\n|upkeep\n|turn|2\n|inactive|Battle timer is ON: inactive players will automatically lose when time's up. (requested by Genesis mel)\n|\n|t:|1685384980\n|move|p2a: Gallade|Knock Off|p1a: Runerigus\n|-supereffective|p1a: Runerigus\n|-damage|p1a: Runerigus|23/235\n|-ability|p1a: Runerigus|Justified|boost\n|-boost|p1a: Runerigus|atk|1\n|-enditem|p1a: Runerigus|Leftovers|[from] move: Knock Off|[of] p2a: Gallade\n|-damage|p2a: Gallade|198/246|[from] item: Life Orb\n|move|p1a: Runerigus|Toxic Spikes|p2a: Gallade\n|-sidestart|p2: Genesis mel|move: Toxic Spikes\n|\n|upkeep\n|turn|3\n|\n|t:|1685384990\n|move|p2a: Gallade|Knock Off|p1a: Runerigus\n|-supereffective|p1a: Runerigus\n|-damage|p1a: Runerigus|0 fnt\n|faint|p1a: Runerigus\n|-damage|p2a: Gallade|174/246|[from] item: Life Orb\n|\n|upkeep\n|\n|t:|1685384995\n|switch|p1a: Salazzle|Salazzle, L82, F|246/246\n|turn|4\n|\n|t:|1685385001\n|move|p1a: Salazzle|Substitute|p1a: Salazzle\n|-start|p1a: Salazzle|Substitute\n|-damage|p1a: Salazzle|185/246\n|move|p2a: Gallade|Zen Headbutt|p1a: Salazzle\n|-supereffective|p1a: Salazzle\n|-end|p1a: Salazzle|Substitute\n|-damage|p2a: Gallade|150/246|[from] item: Life Orb\n|\n|-heal|p1a: Salazzle|200/246|[from] item: Black Sludge\n|upkeep\n|turn|5\n|\n|t:|1685385013\n|move|p1a: Salazzle|Substitute|p1a: Salazzle\n|-start|p1a: Salazzle|Substitute\n|-damage|p1a: Salazzle|139/246\n|move|p2a: Gallade|Zen Headbutt|p1a: Salazzle\n|-supereffective|p1a: Salazzle\n|-end|p1a: Salazzle|Substitute\n|-damage|p2a: Gallade|126/246|[from] item: Life Orb\n|\n|-heal|p1a: Salazzle|154/246|[from] item: Black Sludge\n|upkeep\n|turn|6\n|\n|t:|1685385023\n|move|p1a: Salazzle|Substitute|p1a: Salazzle\n|-start|p1a: Salazzle|Substitute\n|-damage|p1a: Salazzle|93/246\n|move|p2a: Gallade|Zen Headbutt|p1a: Salazzle\n|-supereffective|p1a: Salazzle\n|-end|p1a: Salazzle|Substitute\n|-damage|p2a: Gallade|102/246|[from] item: Life Orb\n|\n|-heal|p1a: Salazzle|108/246|[from] item: Black Sludge\n|upkeep\n|turn|7\n|\n|t:|1685385034\n|move|p1a: Salazzle|Protect|p1a: Salazzle\n|-singleturn|p1a: Salazzle|Protect\n|move|p2a: Gallade|Zen Headbutt|p1a: Salazzle\n|-activate|p1a: Salazzle|move: Protect\n|\n|-heal|p1a: Salazzle|123/246|[from] item: Black Sludge\n|upkeep\n|turn|8\n|\n|t:|1685385041\n|move|p1a: Salazzle|Substitute|p1a: Salazzle\n|-start|p1a: Salazzle|Substitute\n|-damage|p1a: Salazzle|62/246\n|move|p2a: Gallade|Zen Headbutt|p1a: Salazzle|[miss]\n|-miss|p2a: Gallade|p1a: Salazzle\n|\n|-heal|p1a: Salazzle|77/246|[from] item: Black Sludge\n|upkeep\n|turn|9\n|\n|t:|1685385061\n|switch|p2a: Eternatus|Eternatus, L69|308/308\n|-sideend|p2: Genesis mel|move: Toxic Spikes|[of] p2a: Eternatus\n|-ability|p2a: Eternatus|Pressure\n|move|p1a: Salazzle|Protect||[still]\n|-fail|p1a: Salazzle\n|\n|-heal|p1a: Salazzle|92/246|[from] item: Black Sludge\n|upkeep\n|turn|10\n|\n|t:|1685385077\n|move|p1a: Salazzle|Toxic|p2a: Eternatus\n|-status|p2a: Eternatus|tox\n|move|p2a: Eternatus|Dynamax Cannon|p1a: Salazzle\n|-crit|p1a: Salazzle\n|-end|p1a: Salazzle|Substitute\n|\n|-heal|p1a: Salazzle|107/246|[from] item: Black Sludge\n|-damage|p2a: Eternatus|289/308 tox|[from] psn\n|upkeep\n|turn|11\n|\n|t:|1685385091\n|move|p1a: Salazzle|Substitute|p1a: Salazzle\n|-start|p1a: Salazzle|Substitute\n|-damage|p1a: Salazzle|46/246\n|move|p2a: Eternatus|Dynamax Cannon|p1a: Salazzle\n|-end|p1a: Salazzle|Substitute\n|\n|-heal|p1a: Salazzle|61/246|[from] item: Black Sludge\n|-damage|p2a: Eternatus|251/308 tox|[from] psn\n|upkeep\n|turn|12\n|inactive|Genesis mel has 120 seconds left.\n|\n|t:|1685385116\n|switch|p2a: Gallade|Gallade, L82, M|102/246\n|move|p1a: Salazzle|Protect||[still]\n|-fail|p1a: Salazzle\n|\n|-heal|p1a: Salazzle|76/246|[from] item: Black Sludge\n|upkeep\n|turn|13\n|inactive|Genesis mel has 120 seconds left.\n|\n|t:|1685385125\n|move|p1a: Salazzle|Flamethrower|p2a: Gallade\n|-damage|p2a: Gallade|20/246\n|move|p2a: Gallade|Knock Off|p1a: Salazzle\n|-damage|p1a: Salazzle|0 fnt\n|-enditem|p1a: Salazzle|Black Sludge|[from] move: Knock Off|[of] p2a: Gallade\n|faint|p1a: Salazzle\n|-damage|p2a: Gallade|0 fnt|[from] item: Life Orb\n|faint|p2a: Gallade\n|\n|upkeep\n|inactive|Genesis mel has 120 seconds left.\n|\n|t:|1685385149\n|switch|p1a: Coalossal|Coalossal, L87, M|333/333\n|switch|p2a: Sceptile|Sceptile, L86, F|261/261\n|turn|14\n|inactive|Genesis mel has 120 seconds left.\n|\n|t:|1685385168\n|switch|p2a: Quagsire|Quagsire, L84, F|297/297\n|move|p1a: Coalossal|Overheat|p2a: Quagsire|[miss]\n|-miss|p1a: Coalossal|p2a: Quagsire\n|\n|upkeep\n|turn|15\n|\n|t:|1685385176\n|switch|p1a: Roserade|Roserade, L84, F|238/238\n|move|p2a: Quagsire|Scald|p1a: Roserade\n|-resisted|p1a: Roserade\n|-damage|p1a: Roserade|212/238\n|\n|-heal|p1a: Roserade|226/238|[from] item: Black Sludge\n|upkeep\n|turn|16\n|inactive|Genesis mel has 120 seconds left.\n|\n|t:|1685385183\n|switch|p2a: Sceptile|Sceptile, L86, F|261/261\n|move|p1a: Roserade|Sludge Bomb|p2a: Sceptile\n|-supereffective|p2a: Sceptile\n|-crit|p2a: Sceptile\n|-damage|p2a: Sceptile|0 fnt\n|faint|p2a: Sceptile\n|\n|-heal|p1a: Roserade|238/238|[from] item: Black Sludge\n|upkeep\n|inactive|Genesis mel has 120 seconds left.\n|\n|t:|1685385193\n|switch|p2a: Eternatus|Eternatus, L69|251/308 tox\n|-ability|p2a: Eternatus|Pressure\n|turn|17\n|\n|t:|1685385219\n|move|p2a: Eternatus|Flamethrower|p1a: Roserade\n|-supereffective|p1a: Roserade\n|-damage|p1a: Roserade|134/238\n|-status|p1a: Roserade|brn\n|move|p1a: Roserade|Synthesis|p1a: Roserade\n|-heal|p1a: Roserade|238/238 brn\n|\n|-damage|p2a: Eternatus|232/308 tox|[from] psn\n|-damage|p1a: Roserade|224/238 brn|[from] brn\n|upkeep\n|turn|18\n|\n|t:|1685385229\n|-curestatus|p1a: Roserade|brn|[from] ability: Natural Cure\n|switch|p1a: Coalossal|Coalossal, L87, M|333/333\n|move|p2a: Eternatus|Flamethrower|p1a: Coalossal\n|-resisted|p1a: Coalossal\n|-damage|p1a: Coalossal|315/333\n|\n|-damage|p2a: Eternatus|194/308 tox|[from] psn\n|upkeep\n|turn|19\n|\n|t:|1685385241\n|switch|p2a: Quagsire|Quagsire, L84, F|297/297\n|move|p1a: Coalossal|Stealth Rock|p2a: Quagsire\n|-sidestart|p2: Genesis mel|move: Stealth Rock\n|\n|upkeep\n|turn|20\n|\n|t:|1685385248\n|switch|p1a: Roserade|Roserade, L84, F|224/238\n|move|p2a: Quagsire|Earthquake|p1a: Roserade\n|-damage|p1a: Roserade|106/238\n|\n|-heal|p1a: Roserade|120/238|[from] item: Black Sludge\n|upkeep\n|turn|21\n|\n|t:|1685385265\n|move|p1a: Roserade|Synthesis|p1a: Roserade\n|-heal|p1a: Roserade|238/238\n|move|p2a: Quagsire|Ice Beam|p1a: Roserade\n|-supereffective|p1a: Roserade\n|-damage|p1a: Roserade|158/238\n|\n|-heal|p1a: Roserade|172/238|[from] item: Black Sludge\n|upkeep\n|turn|22\n|\n|t:|1685385278\n|switch|p2a: Togekiss|Togekiss, L80, F|267/267\n|move|p1a: Roserade|Leaf Storm|p2a: Togekiss\n|-resisted|p2a: Togekiss\n|-damage|p2a: Togekiss|201/267\n|-unboost|p1a: Roserade|spa|2\n|\n|-heal|p1a: Roserade|186/238|[from] item: Black Sludge\n|upkeep\n|turn|23\n|\n|t:|1685385288\n|switch|p1a: Coalossal|Coalossal, L87, M|315/333\n|move|p2a: Togekiss|Nasty Plot|p2a: Togekiss\n|-boost|p2a: Togekiss|spa|2\n|\n|upkeep\n|turn|24\n|\n|t:|1685385296\n|move|p2a: Togekiss|Aura Sphere|p1a: Coalossal\n|-supereffective|p1a: Coalossal\n|-damage|p1a: Coalossal|75/333\n|move|p1a: Coalossal|Stone Edge|p2a: Togekiss\n|-supereffective|p2a: Togekiss\n|-damage|p2a: Togekiss|1/267\n|\n|upkeep\n|turn|25\n|\n|t:|1685385304\n|move|p2a: Togekiss|Aura Sphere|p1a: Coalossal\n|-supereffective|p1a: Coalossal\n|-damage|p1a: Coalossal|0 fnt\n|faint|p1a: Coalossal\n|\n|upkeep\n|\n|t:|1685385307\n|switch|p1a: Roserade|Roserade, L84, F|186/238\n|turn|26\n|\n|t:|1685385330\n|switch|p2a: Corviknight|Corviknight, L78, F|281/281\n|-damage|p2a: Corviknight|246/281|[from] Stealth Rock\n|move|p1a: Roserade|Sludge Bomb|p2a: Corviknight\n|-immune|p2a: Corviknight\n|\n|-heal|p1a: Roserade|200/238|[from] item: Black Sludge\n|-heal|p2a: Corviknight|263/281|[from] item: Leftovers\n|upkeep\n|turn|27\n|\n|t:|1685385351\n|switch|p1a: Lapras|Lapras, L86, F|363/363\n|move|p2a: Corviknight|Bulk Up|p2a: Corviknight\n|-boost|p2a: Corviknight|atk|1\n|-boost|p2a: Corviknight|def|1\n|\n|-heal|p2a: Corviknight|280/281|[from] item: Leftovers\n|upkeep\n|turn|28\n|\n|t:|1685385363\n|move|p1a: Lapras|Ice Beam|p2a: Corviknight\n|-damage|p2a: Corviknight|189/281\n|move|p2a: Corviknight|Body Press|p1a: Lapras\n|-supereffective|p1a: Lapras\n|-damage|p1a: Lapras|195/363\n|\n|-heal|p1a: Lapras|217/363|[from] item: Leftovers\n|-heal|p2a: Corviknight|206/281|[from] item: Leftovers\n|upkeep\n|turn|29\n|\n|t:|1685385378\n|move|p1a: Lapras|Ice Beam|p2a: Corviknight\n|-crit|p2a: Corviknight\n|-damage|p2a: Corviknight|50/281\n|move|p2a: Corviknight|Roost|p2a: Corviknight\n|-heal|p2a: Corviknight|191/281\n|-singleturn|p2a: Corviknight|move: Roost\n|\n|-heal|p1a: Lapras|239/363|[from] item: Leftovers\n|-heal|p2a: Corviknight|208/281|[from] item: Leftovers\n|upkeep\n|turn|30\n|\n|t:|1685385393\n|switch|p1a: Pangoro|Pangoro, L84, M|297/297\n|move|p2a: Corviknight|Roost|p2a: Corviknight\n|-heal|p2a: Corviknight|281/281\n|-singleturn|p2a: Corviknight|move: Roost\n|\n|upkeep\n|turn|31\n|\n|t:|1685385402\n|-start|p1a: Pangoro|Dynamax|\n|-heal|p1a: Pangoro|594/594|[silent]\n|move|p2a: Corviknight|Brave Bird|p1a: Pangoro\n|-supereffective|p1a: Pangoro\n|-damage|p1a: Pangoro|270/594\n|-damage|p2a: Corviknight|174/281|[from] Recoil\n|move|p1a: Pangoro|Max Knuckle|p2a: Corviknight\n|-damage|p2a: Corviknight|104/281\n|-boost|p1a: Pangoro|atk|1\n|\n|-heal|p2a: Corviknight|121/281|[from] item: Leftovers\n|upkeep\n|turn|32\n|\n|t:|1685385416\n|move|p2a: Corviknight|Brave Bird|p1a: Pangoro\n|-supereffective|p1a: Pangoro\n|-damage|p1a: Pangoro|0 fnt\n|faint|p1a: Pangoro\n|-damage|p2a: Corviknight|32/281|[from] Recoil\n|\n|-heal|p2a: Corviknight|49/281|[from] item: Leftovers\n|upkeep\n|\n|t:|1685385420\n|switch|p1a: Lapras|Lapras, L86, F|239/363\n|turn|33\n|inactive|Genesis mel has 120 seconds left.\n|\n|t:|1685385456\n|switch|p2a: Quagsire|Quagsire, L84, F|297/297\n|-damage|p2a: Quagsire|279/297|[from] Stealth Rock\n|move|p1a: Lapras|Ice Beam|p2a: Quagsire\n|-damage|p2a: Quagsire|156/297\n|\n|-heal|p1a: Lapras|261/363|[from] item: Leftovers\n|-heal|p2a: Quagsire|174/297|[from] item: Leftovers\n|upkeep\n|turn|34\n|\n|t:|1685385470\n|move|p1a: Lapras|Toxic|p2a: Quagsire\n|-status|p2a: Quagsire|tox\n|move|p2a: Quagsire|Recover|p2a: Quagsire\n|-heal|p2a: Quagsire|297/297 tox\n|\n|-heal|p1a: Lapras|283/363|[from] item: Leftovers\n|-damage|p2a: Quagsire|279/297 tox|[from] psn\n|upkeep\n|turn|35\n|inactive|Genesis mel has 120 seconds left.\n|\n|t:|1685385495\n|move|p1a: Lapras|Ice Beam|p2a: Quagsire\n|-damage|p2a: Quagsire|173/297 tox\n|move|p2a: Quagsire|Earthquake|p1a: Lapras\n|-damage|p1a: Lapras|190/363\n|\n|-heal|p1a: Lapras|212/363|[from] item: Leftovers\n|-heal|p2a: Quagsire|191/297 tox|[from] item: Leftovers\n|-damage|p2a: Quagsire|155/297 tox|[from] psn\n|upkeep\n|turn|36\n|\n|t:|1685385502\n|move|p1a: Lapras|Ice Beam|p2a: Quagsire\n|-crit|p2a: Quagsire\n|-damage|p2a: Quagsire|0 fnt\n|faint|p2a: Quagsire\n|\n|-heal|p1a: Lapras|234/363|[from] item: Leftovers\n|upkeep\n|inactive|Genesis mel has 120 seconds left.\n|\n|t:|1685385508\n|switch|p2a: Togekiss|Togekiss, L80, F|1/267\n|turn|37\n|inactive|Genesis mel has 120 seconds left.\n|\n|t:|1685385521\n|switch|p1a: Roserade|Roserade, L84, F|200/238\n|move|p2a: Togekiss|Aura Sphere|p1a: Roserade\n|-resisted|p1a: Roserade\n|-damage|p1a: Roserade|172/238\n|\n|-heal|p1a: Roserade|186/238|[from] item: Black Sludge\n|upkeep\n|turn|38\n|\n|t:|1685385529\n|move|p1a: Roserade|Leaf Storm|p2a: Togekiss\n|-resisted|p2a: Togekiss\n|-crit|p2a: Togekiss\n|-damage|p2a: Togekiss|0 fnt\n|-unboost|p1a: Roserade|spa|2\n|faint|p2a: Togekiss\n|\n|-heal|p1a: Roserade|200/238|[from] item: Black Sludge\n|upkeep\n|\n|t:|1685385533\n|switch|p2a: Corviknight|Corviknight, L78, F|49/281\n|-damage|p2a: Corviknight|14/281|[from] Stealth Rock\n|turn|39\n|\n|t:|1685385536\n|move|p1a: Roserade|Leaf Storm|p2a: Corviknight\n|-resisted|p2a: Corviknight\n|-crit|p2a: Corviknight\n|-damage|p2a: Corviknight|0 fnt\n|-unboost|p1a: Roserade|spa|2\n|faint|p2a: Corviknight\n|\n|-heal|p1a: Roserade|214/238|[from] item: Black Sludge\n|upkeep\n|\n|t:|1685385538\n|switch|p2a: Eternatus|Eternatus, L69|194/308 tox\n|-damage|p2a: Eternatus|156/308 tox|[from] Stealth Rock\n|-ability|p2a: Eternatus|Pressure\n|turn|40\n|\n|t:|1685385546\n|move|p2a: Eternatus|Flamethrower|p1a: Roserade\n|-supereffective|p1a: Roserade\n|-damage|p1a: Roserade|112/238\n|move|p1a: Roserade|Synthesis|p1a: Roserade\n|-heal|p1a: Roserade|231/238\n|\n|-heal|p1a: Roserade|238/238|[from] item: Black Sludge\n|-damage|p2a: Eternatus|137/308 tox|[from] psn\n|upkeep\n|turn|41\n|\n|t:|1685385552\n|switch|p1a: Lapras|Lapras, L86, F|234/363\n|move|p2a: Eternatus|Recover|p2a: Eternatus\n|-heal|p2a: Eternatus|291/308 tox\n|\n|-heal|p1a: Lapras|256/363|[from] item: Leftovers\n|-damage|p2a: Eternatus|253/308 tox|[from] psn\n|upkeep\n|turn|42\n|\n|t:|1685385557\n|move|p1a: Lapras|Protect|p1a: Lapras\n|-singleturn|p1a: Lapras|Protect\n|move|p2a: Eternatus|Sludge Wave|p1a: Lapras\n|-activate|p1a: Lapras|move: Protect\n|\n|-heal|p1a: Lapras|278/363|[from] item: Leftovers\n|-damage|p2a: Eternatus|196/308 tox|[from] psn\n|upkeep\n|turn|43\n|c|\u2606Genesis mel|Gg\n|c|\u2606Nextella|gg\n|-message|Genesis mel forfeited.\n|\n|win|Nextella\n|raw|Nextella's rating: 1404 &rarr; <strong>1419</strong><br />(+15 for winning)\n|raw|Genesis mel's rating: 1314 &rarr; <strong>1299</strong><br />(-15 for losing)\n|l|\u2606Genesis mel\n", "inputlog": ">version 6fec31d5a0d4498a06105aa188c9906bc0b6bf95\n>start {\"formatid\":\"gen8randombattle\",\"seed\":[33445,10730,25492,48361],\"rated\":\"Rated battle\"}\n>player p1 {\"name\":\"Nextella\",\"avatar\":\"volo\",\"rating\":1404,\"seed\":[44712,24598,6479,10292]}\n>player p2 {\"name\":\"Genesis mel\",\"avatar\":\"1\",\"rating\":1314,\"seed\":[42023,6943,1925,33108]}\n>p1 switch 6\n>p2 move zenheadbutt\n>p1 move toxicspikes\n>p2 move knockoff\n>p1 move poltergeist\n>p2 move knockoff\n>p1 switch 6\n>p1 move substitute\n>p2 move zenheadbutt\n>p1 move substitute\n>p2 move zenheadbutt\n>p1 move substitute\n>p2 move zenheadbutt\n>p1 move protect\n>p2 move zenheadbutt\n>p1 move substitute\n>p2 move zenheadbutt\n>p1 move protect\n>p2 switch 5\n>p1 move toxic\n>p2 move dynamaxcannon\n>p1 move substitute\n>p2 move dynamaxcannon\n>p1 move protect\n>p2 switch 5\n>p1 move flamethrower\n>p2 move knockoff\n>p1 switch 4\n>p2 switch 2\n>p1 move overheat\n>p2 switch 6\n>p1 switch 3\n>p2 move scald\n>p1 move sludgebomb\n>p2 switch 6\n>p2 switch 5\n>p1 move synthesis\n>p2 move flamethrower\n>p1 switch 3\n>p2 move flamethrower\n>p1 move stealthrock\n>p2 switch 6\n>p1 switch 3\n>p2 move earthquake\n>p1 move synthesis\n>p2 move icebeam\n>p1 move leafstorm\n>p2 switch 4\n>p1 switch 3\n>p2 move nastyplot\n>p1 move stoneedge\n>p2 move aurasphere\n>p1 move overheat\n>p2 move aurasphere\n>p1 switch 3\n>p1 move sludgebomb\n>p2 switch 3\n>p1 switch 2\n>p2 move bulkup\n>p1 move icebeam\n>p2 move bodypress\n>p1 move icebeam\n>p2 move roost\n>p1 switch 5\n>p2 move roost\n>p1 move closecombat dynamax\n>p2 move bravebird\n>p1 move knockoff dynamax\n>p2 move bravebird\n>p1 switch 5\n>p1 move icebeam\n>p2 switch 4\n>p1 move toxic\n>p2 move recover\n>p1 move icebeam\n>p2 move earthquake\n>p1 move icebeam\n>p2 move earthquake\n>p2 switch 3\n>p1 switch 2\n>p2 move aurasphere\n>p1 move leafstorm\n>p2 move airslash\n>p2 switch 4\n>p1 move leafstorm\n>p2 move roost\n>p2 switch 6\n>p1 move synthesis\n>p2 move flamethrower\n>p1 switch 2\n>p2 move recover\n>p1 move protect\n>p2 move sludgewave\n>chat \u2606Genesis mel|Gg\n>chat \u2606Nextella|gg\n>forcelose p2", "uploadtime": 1685385570, "views": 6, "p1id": "nextella", "p2id": "genesismel", "formatid": "gen8randombattle", "rating": 1299, "private": 0, "password": ""}