{"id": "gen8randombattle-1872831348", "p1": "TheBugsHaveArrived", "p2": "Irpachuza!", "format": "[Gen 8] Random Battle", "log": "|j|\u2606TheBugsHaveArrived\n|j|\u2606Irpachuza!\n|t:|1685290250\n|gametype|singles\n|player|p1|TheBugsHaveArrived|bugsy|\n|player|p2|Irpachuza!|#irpachuza|\n|teamsize|p1|6\n|teamsize|p2|6\n|gen|8\n|tier|[Gen 8] Random Battle\n|rule|Species Clause: Limit one of each Pok\u00e9mon\n|rule|HP Percentage Mod: HP is shown in percentages\n|rule|Sleep Clause Mod: Limit one foe put to sleep\n|\n|t:|1685290250\n|start\n|switch|p1a: Jolteon|Jolteon, L82, F|241/241\n|switch|p2a: Salamence|Salamence, L76, F|269/269\n|turn|1\n|c|\u2606Irpachuza!|gl hf\n|c|\u2606TheBugsHaveArrived|u2\n|\n|t:|1685290270\n|switch|p2a: Hippowdon|Hippowdon, L80, F|304/304\n|-weather|Sandstorm|[from] ability: Sand Stream|[of] p2a: Hippowdon\n|move|p1a: Jolteon|Volt Switch|p2a: Hippowdon\n|-immune|p2a: Hippowdon\n|\n|-weather|Sandstorm|[upkeep]\n|-damage|p1a: Jolteon|226/241|[from] Sandstorm\n|upkeep\n|turn|2\n|\n|t:|1685290280\n|switch|p1a: Runerigus|Runerigus, L84, F|235/235\n|move|p2a: Hippowdon|Stealth Rock|p1a: Runerigus\n|-sidestart|p1: TheBugsHaveArrived|move: Stealth Rock\n|\n|-weather|Sandstorm|[upkeep]\n|upkeep\n|turn|3\n|\n|t:|1685290292\n|switch|p2a: Glaceon|Glaceon, L88, M|258/258\n|move|p1a: Runerigus|Stealth Rock|p2a: Glaceon\n|-sidestart|p2: Irpachuza!|move: Stealth Rock\n|\n|-weather|Sandstorm|[upkeep]\n|-damage|p2a: Glaceon|242/258|[from] Sandstorm\n|-heal|p2a: Glaceon|258/258|[from] item: Leftovers\n|upkeep\n|turn|4\n|\n|t:|1685290307\n|move|p2a: Glaceon|Toxic|p1a: Runerigus\n|-status|p1a: Runerigus|tox\n|move|p1a: Runerigus|Toxic Spikes|p2a: Glaceon\n|-sidestart|p2: Irpachuza!|move: Toxic Spikes\n|\n|-weather|Sandstorm|[upkeep]\n|-damage|p2a: Glaceon|242/258|[from] Sandstorm\n|-heal|p2a: Glaceon|258/258|[from] item: Leftovers\n|-damage|p1a: Runerigus|221/235 tox|[from] psn\n|upkeep\n|turn|5\n|\n|t:|1685290320\n|move|p2a: Glaceon|Freeze-Dry|p1a: Runerigus\n|-supereffective|p1a: Runerigus\n|-damage|p1a: Runerigus|35/235 tox\n|move|p1a: Runerigus|Toxic Spikes|p2a: Glaceon\n|-sidestart|p2: Irpachuza!|move: Toxic Spikes\n|\n|-weather|none\n|-heal|p1a: Runerigus|49/235 tox|[from] item: Leftovers\n|-damage|p1a: Runerigus|21/235 tox|[from] psn\n|upkeep\n|turn|6\n|\n|t:|1685290334\n|move|p2a: Glaceon|Wish|p2a: Glaceon\n|move|p1a: Runerigus|Poltergeist|p2a: Glaceon\n|-activate|p2a: Glaceon|move: Poltergeist|Leftovers\n|-damage|p2a: Glaceon|171/258\n|\n|-heal|p2a: Glaceon|187/258|[from] item: Leftovers\n|-heal|p1a: Runerigus|35/235 tox|[from] item: Leftovers\n|-damage|p1a: Runerigus|0 fnt|[from] psn\n|faint|p1a: Runerigus\n|upkeep\n|\n|t:|1685290343\n|switch|p1a: Shuckle|Shuckle, L87, F|177/177\n|-damage|p1a: Shuckle|133/177|[from] Stealth Rock\n|turn|7\n|\n|t:|1685290351\n|move|p2a: Glaceon|Toxic|p1a: Shuckle\n|-status|p1a: Shuckle|tox\n|move|p1a: Shuckle|Sticky Web|p2a: Glaceon\n|-sidestart|p2: Irpachuza!|move: Sticky Web\n|\n|-heal|p2a: Glaceon|258/258|[from] move: Wish|[wisher] Glaceon\n|-damage|p1a: Shuckle|122/177 tox|[from] psn\n|upkeep\n|turn|8\n|\n|t:|1685290365\n|move|p2a: Glaceon|Freeze-Dry|p1a: Shuckle\n|-damage|p1a: Shuckle|79/177 tox\n|move|p1a: Shuckle|Toxic|p2a: Glaceon\n|-status|p2a: Glaceon|tox\n|\n|-damage|p2a: Glaceon|242/258 tox|[from] psn\n|-damage|p1a: Shuckle|57/177 tox|[from] psn\n|upkeep\n|turn|9\n|\n|t:|1685290384\n|move|p2a: Glaceon|Wish|p2a: Glaceon\n|move|p1a: Shuckle|Knock Off|p2a: Glaceon\n|-damage|p2a: Glaceon|222/258 tox\n|-enditem|p2a: Glaceon|Leftovers|[from] move: Knock Off|[of] p1a: Shuckle\n|\n|-damage|p2a: Glaceon|190/258 tox|[from] psn\n|-damage|p1a: Shuckle|24/177 tox|[from] psn\n|upkeep\n|turn|10\n|\n|t:|1685290393\n|switch|p2a: Salamence|Salamence, L76, F|269/269\n|move|p1a: Shuckle|Knock Off|p2a: Salamence\n|-damage|p2a: Salamence|241/269\n|-enditem|p2a: Salamence|Heavy-Duty Boots|[from] move: Knock Off|[of] p1a: Shuckle\n|\n|-heal|p2a: Salamence|269/269|[from] move: Wish|[wisher] Glaceon\n|-damage|p1a: Shuckle|0 fnt|[from] psn\n|faint|p1a: Shuckle\n|upkeep\n|\n|t:|1685290411\n|switch|p1a: Beheeyem|Beheeyem, L86, M|269/269\n|-damage|p1a: Beheeyem|236/269|[from] Stealth Rock\n|turn|11\n|\n|t:|1685290419\n|move|p2a: Salamence|Dragon Dance|p2a: Salamence\n|-boost|p2a: Salamence|atk|1\n|-boost|p2a: Salamence|spe|1\n|move|p1a: Beheeyem|Psychic|p2a: Salamence\n|-damage|p2a: Salamence|7/269\n|\n|upkeep\n|turn|12\n|c|\u2606TheBugsHaveArrived|holy heck\n|\n|t:|1685290428\n|move|p2a: Salamence|Outrage|p1a: Beheeyem\n|-damage|p1a: Beheeyem|0 fnt\n|faint|p1a: Beheeyem\n|-ability|p2a: Salamence|Moxie|boost\n|-boost|p2a: Salamence|atk|1\n|\n|upkeep\n|c|\u2606TheBugsHaveArrived|I knew I should've dmaxed\n|\n|t:|1685290455\n|switch|p1a: Suicune|Suicune, L80|291/291\n|-damage|p1a: Suicune|255/291|[from] Stealth Rock\n|-ability|p1a: Suicune|Pressure\n|turn|13\n|\n|t:|1685290463\n|move|p2a: Salamence|Outrage|p1a: Suicune|[from]lockedmove\n|-damage|p1a: Suicune|6/291\n|-start|p2a: Salamence|confusion|[fatigue]\n|move|p1a: Suicune|Scald|p2a: Salamence\n|-resisted|p2a: Salamence\n|-damage|p2a: Salamence|0 fnt\n|faint|p2a: Salamence\n|\n|-heal|p1a: Suicune|24/291|[from] item: Leftovers\n|upkeep\n|\n|t:|1685290479\n|switch|p2a: Silvally|Silvally-Flying, L84|297/297\n|-damage|p2a: Silvally|223/297|[from] Stealth Rock\n|turn|14\n|\n|t:|1685290490\n|move|p2a: Silvally|Multi-Attack|p1a: Suicune\n|-damage|p1a: Suicune|0 fnt\n|faint|p1a: Suicune\n|\n|upkeep\n|\n|t:|1685290495\n|switch|p1a: Jolteon|Jolteon, L82, F|226/241\n|-damage|p1a: Jolteon|196/241|[from] Stealth Rock\n|turn|15\n|\n|t:|1685290504\n|switch|p2a: Glaceon|Glaceon, L88, M|190/258 tox\n|-damage|p2a: Glaceon|126/258 tox|[from] Stealth Rock\n|-activate|p2a: Glaceon|move: Sticky Web\n|-unboost|p2a: Glaceon|spe|1\n|move|p1a: Jolteon|Hyper Voice|p2a: Glaceon\n|-damage|p2a: Glaceon|37/258 tox\n|\n|-damage|p2a: Glaceon|21/258 tox|[from] psn\n|upkeep\n|turn|16\n|\n|t:|1685290513\n|move|p1a: Jolteon|Hyper Voice|p2a: Glaceon\n|-damage|p2a: Glaceon|0 fnt\n|faint|p2a: Glaceon\n|\n|upkeep\n|\n|t:|1685290517\n|switch|p2a: Solgaleo|Solgaleo, L72|316/316\n|-damage|p2a: Solgaleo|297/316|[from] Stealth Rock\n|-activate|p2a: Solgaleo|move: Sticky Web\n|-fail|p2a: Solgaleo|unboost|[from] ability: Full Metal Body|[of] p2a: Solgaleo\n|turn|17\n|\n|t:|1685290531\n|-start|p1a: Jolteon|Dynamax|\n|-heal|p1a: Jolteon|392/482|[silent]\n|move|p1a: Jolteon|Max Phantasm|p2a: Solgaleo\n|-supereffective|p2a: Solgaleo\n|-damage|p2a: Solgaleo|73/316\n|-fail|p2a: Solgaleo|unboost|[from] ability: Full Metal Body|[of] p2a: Solgaleo\n|-enditem|p2a: Solgaleo|Weakness Policy\n|-boost|p2a: Solgaleo|atk|2|[from] item: Weakness Policy\n|-boost|p2a: Solgaleo|spa|2|[from] item: Weakness Policy\n|move|p2a: Solgaleo|Flame Charge|p1a: Jolteon\n|-damage|p1a: Jolteon|300/482\n|-boost|p2a: Solgaleo|spe|1\n|\n|upkeep\n|turn|18\n|\n|t:|1685290549\n|-start|p2a: Solgaleo|Dynamax|\n|-heal|p2a: Solgaleo|146/632|[silent]\n|move|p2a: Solgaleo|Max Mindstorm|p1a: Jolteon\n|-damage|p1a: Jolteon|0 fnt\n|-fieldstart|move: Psychic Terrain\n|faint|p1a: Jolteon\n|\n|upkeep\n|\n|t:|1685290552\n|switch|p1a: Cramorant|Cramorant, L84, M|255/255\n|turn|19\n|c|\u2606TheBugsHaveArrived|ggwp\n|\n|t:|1685290556\n|move|p2a: Solgaleo|Max Mindstorm|p1a: Cramorant\n|-damage|p1a: Cramorant|0 fnt\n|faint|p1a: Cramorant\n|\n|win|Irpachuza!\n|c|\u2606Irpachuza!|gg\n", "inputlog": ">version d74822bbc74c095aa312053f7034baee3068d99e\n>start {\"formatid\":\"gen8randombattle\",\"seed\":[60553,7747,36769,10086]}\n>player p1 {\"name\":\"TheBugsHaveArrived\",\"avatar\":\"bugsy\",\"rating\":0,\"seed\":[44626,11291,61308,29046]}\n>player p2 {\"name\":\"Irpachuza!\",\"avatar\":\"#irpachuza\",\"rating\":0,\"seed\":[14497,19431,50562,25921]}\n>chat \u2606Irpachuza!|gl hf \n>chat \u2606TheBugsHaveArrived|u2\n>p1 move voltswitch\n>p2 switch 4\n>p1 switch 3\n>p2 move stealthrock\n>p1 move stealthrock\n>p2 switch 6\n>p1 move toxicspikes\n>p2 move toxic\n>p1 move toxicspikes\n>p2 move freezedry\n>p1 move poltergeist\n>p2 move wish\n>p1 switch 4\n>p1 move stickyweb\n>p2 move toxic\n>p1 move toxic\n>p2 move freezedry\n>p1 move knockoff\n>p2 move wish\n>p1 move knockoff\n>p2 switch 4\n>p1 switch 6\n>p1 move psychic\n>p2 move dragondance\n>chat \u2606TheBugsHaveArrived|holy heck\n>p1 move psychic\n>p2 move outrage\n>chat \u2606TheBugsHaveArrived|I knew I should've dmaxed\n>p1 switch 2\n>p1 move scald\n>p2 move outrage\n>p2 switch 5\n>p1 move rest\n>p2 move multiattack\n>p1 switch 3\n>p1 move hypervoice\n>p2 switch 4\n>p1 move hypervoice\n>p2 move toxic\n>p2 switch 2\n>p1 move shadowball dynamax\n>p2 move flamecharge\n>p1 move shadowball dynamax\n>p2 move psychicfangs dynamax\n>p1 switch 5\n>chat \u2606TheBugsHaveArrived|ggwp\n>p1 move superpower\n>p2 move psychicfangs dynamax", "uploadtime": 1685290562, "views": 12, "p1id": "thebugshavearrived", "p2id": "irpachuza", "formatid": "gen8randombattle", "rating": 0, "private": 0, "password": ""}