{"id": "gen8randombattle-1872794031", "p1": "cureja", "p2": "Tyler409", "format": "[Gen 8] Random Battle", "log": "|j|\u2606cureja\n|j|\u2606Tyler409\n|t:|1685285602\n|gametype|singles\n|player|p1|cureja|2|\n|player|p2|Tyler409|palmer|\n|teamsize|p1|6\n|teamsize|p2|6\n|gen|8\n|tier|[Gen 8] Random Battle\n|rule|Species Clause: Limit one of each Pok\u00e9mon\n|rule|HP Percentage Mod: HP is shown in percentages\n|rule|Sleep Clause Mod: Limit one foe put to sleep\n|\n|t:|1685285602\n|start\n|switch|p1a: Marowak|Marowak-Alola, L84, M|238/238\n|switch|p2a: Pincurchin|Pincurchin, L88, F|228/228\n|-fieldstart|move: Electric Terrain|[from] ability: Electric Surge|[of] p2a: Pincurchin\n|turn|1\n|l|\u2606cureja\n|player|p1|\n|j|\u2606cureja\n|player|p1|cureja|2\n|\n|t:|1685285631\n|switch|p1a: Gastrodon|Gastrodon-East, L84, M|324/324\n|move|p2a: Pincurchin|Rising Voltage|p1a: Gastrodon\n|-immune|p1a: Gastrodon\n|\n|upkeep\n|turn|2\n|\n|t:|1685285651\n|move|p1a: Gastrodon|Earthquake|p2a: Pincurchin\n|-supereffective|p2a: Pincurchin\n|-enditem|p2a: Pincurchin|Shuca Berry|[eat]\n|-enditem|p2a: Pincurchin|Shuca Berry|[weaken]\n|-damage|p2a: Pincurchin|143/228\n|move|p2a: Pincurchin|Spikes|p1a: Gastrodon\n|-sidestart|p1: cureja|Spikes\n|\n|upkeep\n|turn|3\n|\n|t:|1685285669\n|move|p1a: Gastrodon|Scald|p2a: Pincurchin\n|-damage|p2a: Pincurchin|61/228\n|-status|p2a: Pincurchin|brn\n|move|p2a: Pincurchin|Spikes|p1a: Gastrodon\n|-sidestart|p1: cureja|Spikes\n|\n|-damage|p2a: Pincurchin|47/228 brn|[from] brn\n|upkeep\n|turn|4\n|\n|t:|1685285678\n|move|p1a: Gastrodon|Scald|p2a: Pincurchin\n|-damage|p2a: Pincurchin|0 fnt\n|faint|p2a: Pincurchin\n|\n|upkeep\n|\n|t:|1685285687\n|switch|p2a: Scyther|Scyther, L81, M|246/246\n|turn|5\n|\n|t:|1685285709\n|move|p2a: Scyther|Swords Dance|p2a: Scyther\n|-boost|p2a: Scyther|atk|2\n|move|p1a: Gastrodon|Scald|p2a: Scyther\n|-damage|p2a: Scyther|150/246\n|-status|p2a: Scyther|brn\n|\n|-damage|p2a: Scyther|135/246 brn|[from] brn\n|-fieldend|move: Electric Terrain\n|upkeep\n|turn|6\n|\n|t:|1685285750\n|switch|p1a: Aggron|Aggron, L85, F|258/258\n|-item|p1a: Aggron|Air Balloon\n|move|p2a: Scyther|Dual Wingbeat|p1a: Aggron\n|-resisted|p1a: Aggron\n|-damage|p1a: Aggron|249/258\n|-enditem|p1a: Aggron|Air Balloon\n|-resisted|p1a: Aggron\n|-crit|p1a: Aggron\n|-damage|p1a: Aggron|236/258\n|-hitcount|p1a: Aggron|2\n|\n|-damage|p2a: Scyther|120/246 brn|[from] brn\n|upkeep\n|turn|7\n|\n|t:|1685285765\n|move|p2a: Scyther|Brick Break|p1a: Aggron\n|-supereffective|p1a: Aggron\n|-damage|p1a: Aggron|116/258\n|move|p1a: Aggron|Rock Polish|p1a: Aggron\n|-boost|p1a: Aggron|spe|2\n|\n|-damage|p2a: Scyther|105/246 brn|[from] brn\n|upkeep\n|turn|8\n|\n|t:|1685285777\n|move|p1a: Aggron|Heavy Slam|p2a: Scyther\n|-damage|p2a: Scyther|0 fnt\n|faint|p2a: Scyther\n|\n|upkeep\n|\n|t:|1685285782\n|switch|p2a: Barbaracle|Barbaracle, L80, M|246/246\n|turn|9\n|\n|t:|1685285795\n|move|p1a: Aggron|Body Press|p2a: Barbaracle\n|-supereffective|p2a: Barbaracle\n|-damage|p2a: Barbaracle|92/246\n|move|p2a: Barbaracle|Cross Chop|p1a: Aggron|[miss]\n|-miss|p2a: Barbaracle|p1a: Aggron\n|\n|upkeep\n|turn|10\n|\n|t:|1685285808\n|move|p1a: Aggron|Body Press|p2a: Barbaracle\n|-supereffective|p2a: Barbaracle\n|-damage|p2a: Barbaracle|0 fnt\n|faint|p2a: Barbaracle\n|\n|upkeep\n|\n|t:|1685285811\n|switch|p2a: Braviary|Braviary, L82, M|298/298\n|turn|11\n|\n|t:|1685285826\n|-start|p1a: Aggron|Dynamax|\n|-heal|p1a: Aggron|232/516|[silent]\n|move|p1a: Aggron|Max Rockfall|p2a: Braviary\n|-supereffective|p2a: Braviary\n|-crit|p2a: Braviary\n|-damage|p2a: Braviary|0 fnt\n|-weather|Sandstorm\n|faint|p2a: Braviary\n|\n|-weather|Sandstorm|[upkeep]\n|upkeep\n|\n|t:|1685285838\n|switch|p2a: Linoone|Linoone, L84, M|268/268\n|turn|12\n|\n|t:|1685285851\n|move|p1a: Aggron|Max Steelspike|p2a: Linoone\n|-damage|p2a: Linoone|81/268\n|-boost|p1a: Aggron|def|1\n|-enditem|p2a: Linoone|Iapapa Berry|[eat]\n|-heal|p2a: Linoone|170/268|[from] item: Iapapa Berry\n|move|p2a: Linoone|Belly Drum|p2a: Linoone\n|-damage|p2a: Linoone|36/268\n|-setboost|p2a: Linoone|atk|6|[from] move: Belly Drum\n|\n|-weather|Sandstorm|[upkeep]\n|-damage|p2a: Linoone|20/268|[from] Sandstorm\n|upkeep\n|turn|13\n|\n|t:|1685285867\n|move|p2a: Linoone|Extreme Speed|p1a: Aggron\n|-resisted|p1a: Aggron\n|-damage|p1a: Aggron|208/516\n|move|p1a: Aggron|Max Knuckle|p2a: Linoone\n|-supereffective|p2a: Linoone\n|-damage|p2a: Linoone|0 fnt\n|-boost|p1a: Aggron|atk|1\n|faint|p2a: Linoone\n|\n|-weather|Sandstorm|[upkeep]\n|upkeep\n|\n|t:|1685285874\n|switch|p2a: Eiscue|Eiscue, L82, M|256/256\n|-end|p1a: Aggron|Dynamax\n|-heal|p1a: Aggron|104/258|[silent]\n|turn|14\n|c|\u2606Tyler409|gg\n|\n|t:|1685285904\n|-start|p2a: Eiscue|Dynamax|\n|-heal|p2a: Eiscue|512/512|[silent]\n|move|p1a: Aggron|Body Press|p2a: Eiscue\n|-activate|p2a: Eiscue|ability: Ice Face\n|-damage|p2a: Eiscue|512/512\n|detailschange|p2a: Eiscue|Eiscue-Noice, L82, M\n|move|p2a: Eiscue|Max Geyser|p1a: Aggron\n|-supereffective|p1a: Aggron\n|-damage|p1a: Aggron|46/258\n|-weather|RainDance\n|\n|-weather|RainDance|[upkeep]\n|upkeep\n|turn|15\n|\n|t:|1685285926\n|move|p1a: Aggron|Body Press|p2a: Eiscue\n|-supereffective|p2a: Eiscue\n|-damage|p2a: Eiscue|188/512\n|-enditem|p2a: Eiscue|Sitrus Berry|[eat]\n|-heal|p2a: Eiscue|252/512|[from] item: Sitrus Berry\n|move|p2a: Eiscue|Max Geyser|p1a: Aggron\n|-supereffective|p1a: Aggron\n|-damage|p1a: Aggron|0 fnt\n|faint|p1a: Aggron\n|\n|-weather|RainDance|[upkeep]\n|upkeep\n|\n|t:|1685285944\n|switch|p1a: Slowbro|Slowbro, L84, F|297/297\n|-damage|p1a: Slowbro|248/297|[from] Spikes\n|turn|16\n|\n|t:|1685285950\n|move|p2a: Eiscue|Max Mindstorm|p1a: Slowbro\n|-resisted|p1a: Slowbro\n|-damage|p1a: Slowbro|217/297\n|-fieldstart|move: Psychic Terrain\n|move|p1a: Slowbro|Future Sight|p2a: Eiscue\n|-start|p1a: Slowbro|move: Future Sight\n|\n|-weather|RainDance|[upkeep]\n|-heal|p1a: Slowbro|235/297|[from] item: Leftovers\n|upkeep\n|-end|p2a: Eiscue|Dynamax\n|-heal|p2a: Eiscue|126/256|[silent]\n|turn|17\n|\n|t:|1685285957\n|move|p2a: Eiscue|Belly Drum||[still]\n|-fail|p2a: Eiscue\n|move|p1a: Slowbro|Scald|p2a: Eiscue\n|-damage|p2a: Eiscue|0 fnt\n|faint|p2a: Eiscue\n|\n|win|cureja\n", "inputlog": ">version d74822bbc74c095aa312053f7034baee3068d99e\n>start {\"formatid\":\"gen8randombattle\",\"seed\":[46859,35351,57097,61086]}\n>player p1 {\"name\":\"cureja\",\"avatar\":\"2\",\"rating\":0,\"seed\":[30435,30595,32577,57828]}\n>player p2 {\"name\":\"Tyler409\",\"avatar\":\"palmer\",\"rating\":0,\"seed\":[54886,9573,65253,24328]}\n>p1 switch 3\n>p2 move risingvoltage\n>p1 move earthquake\n>p2 move spikes\n>p1 move scald\n>p2 move spikes\n>p1 move scald\n>p2 move spikes\n>p2 switch 3\n>p1 move scald\n>p2 move swordsdance\n>p1 switch 4\n>p2 move dualwingbeat\n>p1 move rockpolish\n>p2 move brickbreak\n>p1 move heavyslam\n>p2 move brickbreak\n>p2 switch 4\n>p1 move bodypress\n>p2 move crosschop\n>p1 move bodypress\n>p2 move crosschop\n>p2 switch 6\n>p1 move headsmash dynamax\n>p2 move closecombat\n>p2 switch 2\n>p1 move heavyslam dynamax\n>p2 move bellydrum\n>p1 move bodypress dynamax\n>p2 move extremespeed\n>p2 switch 5\n>chat \u2606Tyler409|gg\n>p1 move bodypress\n>p2 move liquidation dynamax\n>p1 move bodypress\n>p2 move liquidation dynamax\n>p1 switch 6\n>p1 move futuresight\n>p2 move zenheadbutt dynamax\n>p1 move scald\n>p2 move bellydrum", "uploadtime": 1685285965, "views": 5, "p1id": "cureja", "p2id": "tyler409", "formatid": "gen8randombattle", "rating": 0, "private": 0, "password": ""}