{"id": "gen8randombattle-1874132176", "p1": "NinjaGay", "p2": "atrjhryjfszdh", "format": "[Gen 8] Random Battle", "log": "|j|\u2606NinjaGay\n|j|\u2606atrjhryjfszdh\n|t:|1685467413\n|gametype|singles\n|player|p1|NinjaGay|169|1426\n|player|p2|atrjhryjfszdh|2|1448\n|teamsize|p1|6\n|teamsize|p2|6\n|gen|8\n|tier|[Gen 8] Random Battle\n|rated|\n|rule|Species Clause: Limit one of each Pok\u00e9mon\n|rule|HP Percentage Mod: HP is shown in percentages\n|rule|Sleep Clause Mod: Limit one foe put to sleep\n|\n|t:|1685467413\n|start\n|switch|p1a: Carracosta|Carracosta, L84, F|262/262\n|switch|p2a: Marowak|Marowak-Alola, L84, M|238/238\n|turn|1\n|inactive|Battle timer is ON: inactive players will automatically lose when time's up. (requested by NinjaGay)\n|\n|t:|1685467453\n|switch|p2a: Sceptile|Sceptile, L86, F|261/261\n|move|p1a: Carracosta|Shell Smash|p1a: Carracosta\n|-unboost|p1a: Carracosta|def|1\n|-unboost|p1a: Carracosta|spd|1\n|-boost|p1a: Carracosta|atk|2\n|-boost|p1a: Carracosta|spa|2\n|-boost|p1a: Carracosta|spe|2\n|\n|upkeep\n|turn|2\n|inactive|NinjaGay has 120 seconds left.\n|\n|t:|1685467502\n|switch|p1a: Exeggutor|Exeggutor-Alola, L87, F|307/307\n|-item|p2a: Sceptile|Leftovers|[from] ability: Frisk|[of] p1a: Exeggutor|[identify]\n|move|p2a: Sceptile|Giga Drain|p1a: Exeggutor\n|-resisted|p1a: Exeggutor\n|-damage|p1a: Exeggutor|281/307\n|\n|upkeep\n|turn|3\n|\n|t:|1685467523\n|switch|p2a: Skuntank|Skuntank, L85, M|314/314\n|move|p1a: Exeggutor|Trick Room|p1a: Exeggutor\n|-fieldstart|move: Trick Room|[of] p1a: Exeggutor\n|\n|upkeep\n|turn|4\n|\n|t:|1685467545\n|move|p1a: Exeggutor|Draco Meteor|p2a: Skuntank\n|-damage|p2a: Skuntank|10/314\n|-unboost|p1a: Exeggutor|spa|2\n|-damage|p1a: Exeggutor|251/307|[from] item: Life Orb\n|move|p2a: Skuntank|Toxic|p1a: Exeggutor\n|-status|p1a: Exeggutor|tox\n|\n|-heal|p2a: Skuntank|29/314|[from] item: Black Sludge\n|-damage|p1a: Exeggutor|232/307 tox|[from] psn\n|upkeep\n|turn|5\n|\n|t:|1685467563\n|move|p2a: Skuntank|Sucker Punch|p1a: Exeggutor\n|-damage|p1a: Exeggutor|157/307 tox\n|move|p1a: Exeggutor|Flamethrower|p2a: Skuntank\n|-damage|p2a: Skuntank|0 fnt\n|faint|p2a: Skuntank\n|-damage|p1a: Exeggutor|127/307 tox|[from] item: Life Orb\n|\n|-damage|p1a: Exeggutor|89/307 tox|[from] psn\n|upkeep\n|\n|t:|1685467570\n|switch|p2a: Registeel|Registeel, L83|268/268\n|turn|6\n|\n|t:|1685467577\n|move|p1a: Exeggutor|Flamethrower|p2a: Registeel\n|-supereffective|p2a: Registeel\n|-damage|p2a: Registeel|195/268\n|-damage|p1a: Exeggutor|59/307 tox|[from] item: Life Orb\n|move|p2a: Registeel|Curse|p2a: Registeel\n|-unboost|p2a: Registeel|spe|1\n|-boost|p2a: Registeel|atk|1\n|-boost|p2a: Registeel|def|1\n|\n|-damage|p1a: Exeggutor|2/307 tox|[from] psn\n|upkeep\n|turn|7\n|\n|t:|1685467597\n|move|p1a: Exeggutor|Flamethrower|p2a: Registeel\n|-supereffective|p2a: Registeel\n|-damage|p2a: Registeel|120/268\n|-status|p2a: Registeel|brn\n|-damage|p1a: Exeggutor|0 fnt|[from] item: Life Orb\n|faint|p1a: Exeggutor\n|move|p2a: Registeel|Body Press|p1: Exeggutor|[notarget]\n|-fail|p2a: Registeel\n|\n|-damage|p2a: Registeel|104/268 brn|[from] brn\n|-fieldend|move: Trick Room\n|upkeep\n|\n|t:|1685467609\n|switch|p1a: Carracosta|Carracosta, L84, F|262/262\n|turn|8\n|\n|t:|1685467617\n|move|p1a: Carracosta|Shell Smash|p1a: Carracosta\n|-unboost|p1a: Carracosta|def|1\n|-unboost|p1a: Carracosta|spd|1\n|-boost|p1a: Carracosta|atk|2\n|-boost|p1a: Carracosta|spa|2\n|-boost|p1a: Carracosta|spe|2\n|move|p2a: Registeel|Body Press|p1a: Carracosta\n|-supereffective|p1a: Carracosta\n|-damage|p1a: Carracosta|165/262\n|-enditem|p1a: Carracosta|Weakness Policy\n|-boost|p1a: Carracosta|atk|2|[from] item: Weakness Policy\n|-boost|p1a: Carracosta|spa|2|[from] item: Weakness Policy\n|\n|-damage|p2a: Registeel|88/268 brn|[from] brn\n|upkeep\n|turn|9\n|inactive|NinjaGay has 90 seconds left.\n|\n|t:|1685467644\n|switch|p2a: Sceptile|Sceptile, L86, F|261/261\n|move|p1a: Carracosta|Shell Smash|p1a: Carracosta\n|-unboost|p1a: Carracosta|def|1\n|-unboost|p1a: Carracosta|spd|1\n|-boost|p1a: Carracosta|atk|2\n|-boost|p1a: Carracosta|spa|2\n|-boost|p1a: Carracosta|spe|2\n|\n|upkeep\n|turn|10\n|inactive|NinjaGay has 90 seconds left.\n|c|\u2606NinjaGay|gg\n|\n|t:|1685467658\n|-start|p1a: Carracosta|Dynamax|\n|-heal|p1a: Carracosta|330/524|[silent]\n|-start|p2a: Sceptile|Dynamax|\n|-heal|p2a: Sceptile|522/522|[silent]\n|move|p1a: Carracosta|Max Rockfall|p2a: Sceptile\n|-damage|p2a: Sceptile|0 fnt\n|-weather|Sandstorm\n|faint|p2a: Sceptile\n|\n|-weather|Sandstorm|[upkeep]\n|upkeep\n|-message|atrjhryjfszdh forfeited.\n|\n|win|NinjaGay\n|raw|NinjaGay's rating: 1426 &rarr; <strong>1447</strong><br />(+21 for winning)\n|raw|atrjhryjfszdh's rating: 1448 &rarr; <strong>1427</strong><br />(-21 for losing)\n|l|\u2606atrjhryjfszdh\n", "inputlog": ">version b04b3d7eb02acfee3319999ae188c673d8c969f3\n>start {\"formatid\":\"gen8randombattle\",\"seed\":[36957,37347,45806,50267],\"rated\":\"Rated battle\"}\n>player p1 {\"name\":\"NinjaGay\",\"avatar\":\"169\",\"rating\":1426,\"seed\":[7790,14476,5480,57369]}\n>player p2 {\"name\":\"atrjhryjfszdh\",\"avatar\":\"2\",\"rating\":1448,\"seed\":[36935,63836,154,29636]}\n>p1 move shellsmash\n>p2 switch 2\n>p1 switch 2\n>p2 move gigadrain\n>p1 move trickroom\n>p2 switch 3\n>p1 move dracometeor\n>p2 move toxic\n>p1 move flamethrower\n>p2 move suckerpunch\n>p2 switch 5\n>p1 move flamethrower\n>p2 move curse\n>p1 move flamethrower\n>p2 move bodypress\n>p1 switch 2\n>p1 move shellsmash\n>p2 move bodypress\n>p1 move shellsmash\n>p2 switch 3\n>chat \u2606NinjaGay|gg\n>p1 move stoneedge dynamax\n>p2 move gigadrain dynamax\n>forcelose p2", "uploadtime": 1685467689, "views": 7, "p1id": "ninjagay", "p2id": "atrjhryjfszdh", "formatid": "gen8randombattle", "rating": 1427, "private": 0, "password": ""}