{"id": "gen8randombattle-1703494717", "p1": "Separation", "p2": "Accadere \u2601", "format": "[Gen 8] Random Battle", "log": "|j|\u2606Separation\n|j|\u2606Accadere \u2601\n|t:|1667668585\n|gametype|singles\n|player|p1|Separation|#scl2machines|2457\n|player|p2|Accadere \u2601|touristf2|2390\n|teamsize|p1|6\n|teamsize|p2|6\n|gen|8\n|tier|[Gen 8] Random Battle\n|rated|\n|rule|Species Clause: Limit one of each Pok\u00e9mon\n|rule|HP Percentage Mod: HP is shown in percentages\n|rule|Sleep Clause Mod: Limit one foe put to sleep\n|\n|t:|1667668585\n|start\n|switch|p1a: Shiinotic|Shiinotic, L86, M|243/243\n|switch|p2a: Silvally|Silvally-Dragon, L84|297/297\n|turn|1\n|\n|t:|1667668610\n|move|p2a: Silvally|Swords Dance|p2a: Silvally\n|-boost|p2a: Silvally|atk|2\n|move|p1a: Shiinotic|Moonblast|p2a: Silvally\n|-supereffective|p2a: Silvally\n|-damage|p2a: Silvally|105/297\n|\n|upkeep\n|turn|2\n|inactive|Battle timer is ON: inactive players will automatically lose when time's up. (requested by Accadere \u2601)\n|inactive|Separation has 120 seconds left.\n|inactive|Separation has 90 seconds left.\n|inactive|Separation has 60 seconds left.\n|inactive|Separation has 30 seconds left.\n|inactive|Separation has 20 seconds left.\n|inactive|Separation has 15 seconds left.\n|inactive|Separation has 10 seconds left.\n|inactive|Separation has 5 seconds left.\n|-message|Separation lost due to inactivity.\n|\n|win|Accadere \u2601\n|raw|Separation's rating: 2457 &rarr; <strong>2433</strong><br />(-24 for losing)\n|raw|Accadere \u2601's rating: 2390 &rarr; <strong>2414</strong><br />(+24 for winning)\n", "inputlog": ">version 64bd7780963bb8912946b73c4d69c4a2054e31b7\n>start {\"formatid\":\"gen8randombattle\",\"seed\":[27075,43681,51021,15359],\"rated\":\"Rated battle\"}\n>player p1 {\"name\":\"Separation\",\"avatar\":\"#scl2machines\",\"rating\":2457,\"seed\":[47010,46869,58986,31501]}\n>player p2 {\"name\":\"Accadere \u2601\",\"avatar\":\"touristf2\",\"rating\":2390,\"seed\":[21862,2793,14644,58424]}\n>p1 move moonblast\n>p2 move swordsdance\n>forcelose p1", "uploadtime": 1667668778, "views": 19, "p1id": "separation", "p2id": "accadere", "formatid": "gen8randombattle", "rating": 2414, "private": 0, "password": null}