|j|‽asdsdfasfsdsddfg
|j|☆Bcjshhdz
|t:|1685304568
|gametype|singles
|player|p1|asdsdfasfsdsddfg|265|1000
|player|p2|Bcjshhdz|101|1115
|teamsize|p1|6
|teamsize|p2|6
|gen|8
|tier|[Gen 8] Random Battle
|rated|
|rule|Species Clause: Limit one of each Pokémon
|rule|HP Percentage Mod: HP is shown in percentages
|rule|Sleep Clause Mod: Limit one foe put to sleep
|
|t:|1685304568
|start
|switch|p1a: Rhydon|Rhydon, L87, M|324/324
|switch|p2a: Azelf|Azelf, L82|257/257
|turn|1
|
|t:|1685304578
|switch|p2a: Politoed|Politoed, L86, F|295/295
|-weather|RainDance|[from] ability: Drizzle|[of] p2a: Politoed
|move|p1a: Rhydon|Stealth Rock|p2a: Politoed
|-sidestart|p2: Bcjshhdz|move: Stealth Rock
|
|-weather|RainDance|[upkeep]
|upkeep
|turn|2
|
|t:|1685304589
|switch|p1a: Polteageist|Polteageist, L78|222/222
|move|p2a: Politoed|Scald|p1a: Polteageist
|-damage|p1a: Polteageist|35/222
|-status|p1a: Polteageist|brn
|replace|p1a: Zoroark|Zoroark, L78, M
|-end|p1a: Zoroark|Illusion
|
|-weather|RainDance|[upkeep]
|-damage|p1a: Zoroark|22/222 brn|[from] brn
|upkeep
|turn|3
|inactive|Battle timer is ON: inactive players will automatically lose when time's up. (requested by asdsdfasfsdsddfg)
|inactive|Bcjshhdz has 120 seconds left.
|
|t:|1685304630
|switch|p2a: Ninetales|Ninetales-Alola, L79, M|245/245
|-weather|Hail|[from] ability: Snow Warning|[of] p2a: Ninetales
|move|p1a: Zoroark|Trick|p2a: Ninetales
|-activate|p1a: Zoroark|move: Trick|[of] p2a: Ninetales
|-item|p2a: Ninetales|Choice Scarf|[from] move: Trick
|-item|p1a: Zoroark|Heavy-Duty Boots|[from] move: Trick
|
|-weather|Hail|[upkeep]
|-damage|p1a: Zoroark|9/222 brn|[from] Hail
|-damage|p1a: Zoroark|0 fnt|[from] brn
|faint|p1a: Zoroark
|upkeep
|
|t:|1685304638
|switch|p1a: Accelgor|Accelgor, L86, M|278/278
|turn|4
|
|t:|1685304647
|switch|p2a: Magmortar|Magmortar, L86, F|269/269
|move|p1a: Accelgor|Spikes|p2a: Magmortar
|-sidestart|p2: Bcjshhdz|Spikes
|
|-weather|Hail|[upkeep]
|-damage|p1a: Accelgor|261/278|[from] Hail
|-damage|p2a: Magmortar|253/269|[from] Hail
|upkeep
|turn|5
|
|t:|1685304652
|switch|p1a: Rhydon|Rhydon, L87, M|324/324
|move|p2a: Magmortar|Fire Blast|p1a: Rhydon
|-resisted|p1a: Rhydon
|-crit|p1a: Rhydon
|-damage|p1a: Rhydon|210/324
|
|-weather|Hail|[upkeep]
|-damage|p2a: Magmortar|237/269|[from] Hail
|-damage|p1a: Rhydon|190/324|[from] Hail
|upkeep
|turn|6
|
|t:|1685304668
|switch|p2a: Politoed|Politoed, L86, F|295/295
|-damage|p2a: Politoed|259/295|[from] Stealth Rock
|-damage|p2a: Politoed|223/295|[from] Spikes
|-weather|RainDance|[from] ability: Drizzle|[of] p2a: Politoed
|move|p1a: Rhydon|Earthquake|p2a: Politoed
|-damage|p2a: Politoed|63/295
|
|-weather|RainDance|[upkeep]
|upkeep
|turn|7
|
|t:|1685304671
|move|p2a: Politoed|Scald|p1a: Rhydon
|-supereffective|p1a: Rhydon
|-damage|p1a: Rhydon|0 fnt
|faint|p1a: Rhydon
|
|-weather|RainDance|[upkeep]
|upkeep
|
|t:|1685304673
|switch|p1a: Accelgor|Accelgor, L86, M|261/278
|turn|8
|
|t:|1685304677
|move|p1a: Accelgor|Sludge Bomb|p2a: Politoed
|-damage|p2a: Politoed|2/295
|move|p2a: Politoed|Rest|p2a: Politoed
|-status|p2a: Politoed|slp|[from] move: Rest
|-heal|p2a: Politoed|295/295 slp|[silent]
|-enditem|p2a: Politoed|Chesto Berry|[eat]
|-curestatus|p2a: Politoed|slp|[msg]
|
|-weather|RainDance|[upkeep]
|upkeep
|turn|9
|
|t:|1685304683
|move|p1a: Accelgor|Sludge Bomb|p2a: Politoed
|-damage|p2a: Politoed|237/295
|-status|p2a: Politoed|psn
|move|p2a: Politoed|Scald|p1a: Accelgor
|-damage|p1a: Accelgor|87/278
|
|-weather|RainDance|[upkeep]
|-damage|p2a: Politoed|201/295 psn|[from] psn
|upkeep
|turn|10
|
|t:|1685304690
|move|p1a: Accelgor|Spikes|p2a: Politoed
|-sidestart|p2: Bcjshhdz|Spikes
|move|p2a: Politoed|Scald|p1a: Accelgor
|-damage|p1a: Accelgor|0 fnt
|faint|p1a: Accelgor
|
|-weather|none
|-damage|p2a: Politoed|165/295 psn|[from] psn
|upkeep
|
|t:|1685304693
|switch|p1a: Polteageist|Polteageist, L78|222/222
|turn|11
|
|t:|1685304698
|move|p2a: Politoed|Encore||[still]
|-fail|p2a: Politoed
|move|p1a: Polteageist|Shell Smash|p1a: Polteageist
|-unboost|p1a: Polteageist|def|1
|-unboost|p1a: Polteageist|spd|1
|-boost|p1a: Polteageist|atk|2
|-boost|p1a: Polteageist|spa|2
|-boost|p1a: Polteageist|spe|2
|-enditem|p1a: Polteageist|White Herb
|-clearnegativeboost|p1a: Polteageist|[silent]
|
|-damage|p2a: Politoed|129/295 psn|[from] psn
|upkeep
|turn|12
|
|t:|1685304703
|move|p1a: Polteageist|Shell Smash|p1a: Polteageist
|-unboost|p1a: Polteageist|def|1
|-unboost|p1a: Polteageist|spd|1
|-boost|p1a: Polteageist|atk|2
|-boost|p1a: Polteageist|spa|2
|-boost|p1a: Polteageist|spe|2
|move|p2a: Politoed|Encore|p1a: Polteageist
|-start|p1a: Polteageist|Encore
|
|-damage|p2a: Politoed|93/295 psn|[from] psn
|upkeep
|turn|13
|
|t:|1685304705
|-start|p1a: Polteageist|Dynamax|
|-heal|p1a: Polteageist|444/444|[silent]
|move|p1a: Polteageist|Max Mindstorm|p2a: Politoed
|-damage|p2a: Politoed|0 fnt
|-fieldstart|move: Psychic Terrain
|faint|p2a: Politoed
|
|upkeep
|
|t:|1685304712
|switch|p2a: Magmortar|Magmortar, L86, F|237/269
|turn|14
|
|t:|1685304717
|move|p1a: Polteageist|Max Mindstorm|p2a: Magmortar
|-damage|p2a: Magmortar|0 fnt
|faint|p2a: Magmortar
|
|upkeep
|
|t:|1685304724
|switch|p2a: Luxray|Luxray, L84, F|272/272
|-damage|p2a: Luxray|238/272|[from] Stealth Rock
|-damage|p2a: Luxray|193/272|[from] Spikes
|turn|15
|
|t:|1685304727
|move|p1a: Polteageist|Max Mindstorm|p2a: Luxray
|-crit|p2a: Luxray
|-damage|p2a: Luxray|0 fnt
|faint|p2a: Luxray
|
|-end|p1a: Polteageist|Encore
|upkeep
|
|t:|1685304740
|switch|p2a: Ninetales|Ninetales-Alola, L79, M|245/245
|-damage|p2a: Ninetales|184/245|[from] Stealth Rock
|-damage|p2a: Ninetales|144/245|[from] Spikes
|-weather|Hail|[from] ability: Snow Warning|[of] p2a: Ninetales
|-end|p1a: Polteageist|Dynamax
|-heal|p1a: Polteageist|222/222|[silent]
|turn|16
|
|t:|1685304743
|-start|p2a: Ninetales|Dynamax|
|-heal|p2a: Ninetales|288/490|[silent]
|move|p1a: Polteageist|Stored Power|p2a: Ninetales
|-damage|p2a: Ninetales|0 fnt
|faint|p2a: Ninetales
|
|-weather|Hail|[upkeep]
|-damage|p1a: Polteageist|209/222|[from] Hail
|upkeep
|-message|Bcjshhdz forfeited.
|
|win|asdsdfasfsdsddfg
|raw|asdsdfasfsdsddfg's rating: 1000 &rarr; <strong>1053</strong><br />(+53 for winning)
|raw|Bcjshhdz's rating: 1115 &rarr; <strong>1082</strong><br />(-33 for losing)
|l|☆Bcjshhdz
