{"id": "gen8randombattle-1871519743", "p1": "Hallo815", "p2": "ANoobWithoutAName", "format": "[Gen 8] Random Battle", "log": "|j|\u2606Hallo815\n|j|\u2606ANoobWithoutAName\n|inactive|Battle timer is ON: inactive players will automatically lose when time's up.\n|t:|1685102064\n|gametype|singles\n|player|p1|Hallo815|hexmaniac-gen6|\n|player|p2|ANoobWithoutAName|volo-ginkgo|\n|teamsize|p1|24\n|teamsize|p2|24\n|gen|8\n|tier|[Gen 8] Random Battle\n|rated|Tournament battle\n|rule|Species Clause: Limit one of each Pok\u00e9mon\n|rule|HP Percentage Mod: HP is shown in percentages\n|rule|Sleep Clause Mod: Limit one foe put to sleep\n|rule|Dynamax Clause: You cannot dynamax\n|clearpoke\n|poke|p1|Gardevoir, L84, M|\n|poke|p1|Relicanth, L88, M|\n|poke|p1|Whiscash, L88, M|\n|poke|p1|Hippowdon, L82, F|\n|poke|p1|Scolipede, L83, M|\n|poke|p1|Doublade, L88, F|\n|poke|p1|Charizard, L88, M|\n|poke|p1|Raichu-Alola, L87, F|\n|poke|p1|Beartic, L88, F|\n|poke|p1|Dhelmise, L86|\n|poke|p1|Aerodactyl, L86, F|\n|poke|p1|Farfetch\u2019d, L88, F|\n|poke|p1|Golisopod, L84, F|\n|poke|p1|Drampa, L87, F|\n|poke|p1|Umbreon, L84, M|\n|poke|p1|Tentacruel, L84, M|\n|poke|p1|Grapploct, L88, F|\n|poke|p1|Clawitzer, L87, F|\n|poke|p1|Seismitoad, L84, M|\n|poke|p1|Mr. Mime-Galar, L88, F|\n|poke|p1|Wobbuffet, L86, M|\n|poke|p1|Butterfree, L88, M|\n|poke|p1|Luxray, L88, F|\n|poke|p1|Sceptile, L87, F|\n|poke|p2|Shiftry, L88, F|\n|poke|p2|Orbeetle, L88, F|\n|poke|p2|Ludicolo, L88, F|\n|poke|p2|Magmortar, L88, F|\n|poke|p2|Whiscash, L88, M|\n|poke|p2|Galvantula, L88, F|\n|poke|p2|Dhelmise, L86|\n|poke|p2|Gothitelle, L88, M|\n|poke|p2|Rotom-Mow, L86|\n|poke|p2|Froslass, L88, F|\n|poke|p2|Corsola, L88, F|\n|poke|p2|Latios, L81, M|\n|poke|p2|Morpeko, L88, F|\n|poke|p2|Drampa, L87, M|\n|poke|p2|Kyurem, L76|\n|poke|p2|Arctozolt, L88|\n|poke|p2|Wigglytuff, L88, F|\n|poke|p2|Chansey, L82, F|\n|poke|p2|Regigigas, L88|\n|poke|p2|Type: Null, L88|\n|poke|p2|Garbodor, L88, M|\n|poke|p2|Gourgeist-*, L88, F|\n|poke|p2|Trevenant, L88, F|\n|poke|p2|Diancie, L86|\n|teampreview|6\n|j|*Lady Monita\n|j| redeba\n|inactive|Hallo815 has 120 seconds left.\n|inactive|ANoobWithoutAName has 120 seconds left.\n|inactive|Hallo815 has 90 seconds left.\n|inactive|ANoobWithoutAName has 90 seconds left.\n|j| Decala\n|inactive|ANoobWithoutAName has 60 seconds left.\n|l| Decala\n|inactive|ANoobWithoutAName has 30 seconds left.\n|inactive|ANoobWithoutAName has 20 seconds left.\n|inactive|Hallo815 has 60 seconds left.\n|\n|t:|1685102226\n|start\n|switch|p1a: Golisopod|Golisopod, L84, F|251/251\n|switch|p2a: Whiscash|Whiscash, L88, M|363/363\n|turn|1\n|\n|t:|1685102233\n|move|p2a: Whiscash|Calm Mind|p2a: Whiscash\n|-boost|p2a: Whiscash|spa|1\n|-boost|p2a: Whiscash|spd|1\n|move|p1a: Golisopod|Leaf Storm|p2a: Whiscash\n|-supereffective|p2a: Whiscash\n|-damage|p2a: Whiscash|71/363\n|-unboost|p1a: Golisopod|spa|2\n|-ability|p2a: Whiscash|Berserk|boost\n|-boost|p2a: Whiscash|spa|1\n|\n|-status|p1a: Golisopod|brn|[from] item: Flame Orb\n|upkeep\n|turn|2\n|inactive|Hallo815 has 120 seconds left.\n|inactive|ANoobWithoutAName has 90 seconds left.\n|\n|t:|1685102242\n|move|p2a: Whiscash|Moonblast|p1a: Golisopod\n|-crit|p1a: Golisopod\n|-damage|p1a: Golisopod|0 fnt\n|faint|p1a: Golisopod\n|-damage|p2a: Whiscash|35/363|[from] item: Life Orb\n|\n|win|ANoobWithoutAName\n|n|\u2606Hallo815|hallo815\n|n|\u2606ANoobWithoutAName|anoobwithoutaname\n|n|*Lady Monita|ladymonita\n|n| redeba|redeba\n", "inputlog": ">version 61c68e60481ef09071210320730fc448fef50368\n>start {\"formatid\":\"gen8randombattle@@@Chimera 1v1 Rule,Dynamax Clause,maxteamsize=24\",\"seed\":[47380,61505,2206,20747],\"rated\":\"Tournament battle\"}\n>player p1 {\"name\":\"Hallo815\",\"avatar\":\"hexmaniac-gen6\",\"rating\":0,\"seed\":[11922,32345,50155,36179]}\n>player p2 {\"name\":\"ANoobWithoutAName\",\"avatar\":\"volo-ginkgo\",\"rating\":0,\"seed\":[11436,26541,22202,19812]}\n>p1 team 13, 23, 6, 1, 15, 24\n>p2 team 5, 3, 14, 15, 2, 24\n>p1 move leafstorm\n>p2 move calmmind\n>p1 move leafstorm\n>p2 move moonblast", "uploadtime": 1685102243, "views": 6, "p1id": "hallo815", "p2id": "anoobwithoutaname", "formatid": "gen8randombattle", "rating": 0, "private": 0, "password": ""}