{"id": "gen8randombattle-1871630462", "p1": "Bka Onon", "p2": "Miss Novelist", "format": "[Gen 8] Random Battle", "log": "|j|\u2606Bka Onon\n|j|\u2606Miss Novelist\n|t:|1685114202\n|gametype|singles\n|player|p1|Bka Onon|amelia-shuffle|\n|player|p2|Miss Novelist|veteranf|\n|teamsize|p1|6\n|teamsize|p2|6\n|gen|8\n|tier|[Gen 8] Random Battle\n|rule|Species Clause: Limit one of each Pok\u00e9mon\n|rule|HP Percentage Mod: HP is shown in percentages\n|rule|Sleep Clause Mod: Limit one foe put to sleep\n|\n|t:|1685114202\n|start\n|switch|p1a: Landorus|Landorus, L76, M|260/260\n|switch|p2a: Seaking|Seaking, L88, M|284/284\n|turn|1\n|c|\u2606Bka Onon|hf\n|c|\u2606Miss Novelist|glhf!\n|j| ArkenCiel\n|\n|t:|1685114228\n|switch|p1a: Slurpuff|Slurpuff, L80, M|262/262\n|move|p2a: Seaking|Waterfall|p1a: Slurpuff\n|-damage|p1a: Slurpuff|132/262\n|-damage|p2a: Seaking|256/284|[from] item: Life Orb\n|\n|upkeep\n|turn|2\n|\n|t:|1685114243\n|move|p2a: Seaking|Waterfall|p1a: Slurpuff\n|-damage|p1a: Slurpuff|2/262\n|-enditem|p1a: Slurpuff|Sitrus Berry|[eat]\n|-heal|p1a: Slurpuff|67/262|[from] item: Sitrus Berry\n|-damage|p2a: Seaking|228/284|[from] item: Life Orb\n|move|p1a: Slurpuff|Play Rough|p2a: Seaking\n|-damage|p2a: Seaking|131/284\n|\n|upkeep\n|turn|3\n|\n|t:|1685114252\n|move|p1a: Slurpuff|Play Rough|p2a: Seaking\n|-damage|p2a: Seaking|40/284\n|move|p2a: Seaking|Waterfall|p1a: Slurpuff\n|-damage|p1a: Slurpuff|0 fnt\n|faint|p1a: Slurpuff\n|-damage|p2a: Seaking|12/284|[from] item: Life Orb\n|\n|upkeep\n|\n|t:|1685114263\n|switch|p1a: Landorus|Landorus, L76, M|260/260\n|turn|4\n|\n|t:|1685114281\n|move|p1a: Landorus|Earth Power|p2a: Seaking\n|-damage|p2a: Seaking|0 fnt\n|faint|p2a: Seaking\n|\n|upkeep\n|\n|t:|1685114300\n|switch|p2a: Regidrago|Regidrago, L78|440/440\n|turn|5\n|c| ArkenCiel|uh oh\n|\n|t:|1685114313\n|move|p1a: Landorus|Earth Power|p2a: Regidrago\n|-damage|p2a: Regidrago|210/440\n|move|p2a: Regidrago|Dragon Dance|p2a: Regidrago\n|-boost|p2a: Regidrago|atk|1\n|-boost|p2a: Regidrago|spe|1\n|\n|upkeep\n|turn|6\n|\n|t:|1685114355\n|switch|p1a: Centiskorch|Centiskorch, L84, M|305/305\n|move|p2a: Regidrago|Outrage|p1a: Centiskorch\n|-damage|p1a: Centiskorch|0 fnt\n|faint|p1a: Centiskorch\n|\n|upkeep\n|\n|t:|1685114360\n|switch|p1a: Marowak|Marowak, L86, M|243/243\n|turn|7\n|\n|t:|1685114366\n|move|p2a: Regidrago|Outrage|p1a: Marowak|[from]lockedmove\n|-damage|p1a: Marowak|32/243\n|move|p1a: Marowak|Earthquake|p2a: Regidrago\n|-damage|p2a: Regidrago|0 fnt\n|faint|p2a: Regidrago\n|\n|upkeep\n|\n|t:|1685114375\n|switch|p2a: Kartana|Kartana, L74|209/209\n|turn|8\n|\n|t:|1685114384\n|move|p2a: Kartana|Leaf Blade|p1a: Marowak\n|-supereffective|p1a: Marowak\n|-damage|p1a: Marowak|0 fnt\n|faint|p1a: Marowak\n|-ability|p2a: Kartana|Beast Boost|boost\n|-boost|p2a: Kartana|atk|1\n|-damage|p2a: Kartana|189/209|[from] item: Life Orb\n|\n|upkeep\n|\n|t:|1685114426\n|switch|p1a: Thundurus|Thundurus, L80, M|258/258\n|turn|9\n|\n|t:|1685114438\n|switch|p2a: Stunfisk|Stunfisk, L84, M|320/320\n|move|p1a: Thundurus|Nasty Plot|p1a: Thundurus\n|-boost|p1a: Thundurus|spa|2\n|\n|upkeep\n|turn|10\n|\n|t:|1685114447\n|-start|p1a: Thundurus|Dynamax|\n|-heal|p1a: Thundurus|516/516|[silent]\n|move|p1a: Thundurus|Max Overgrowth|p2a: Stunfisk\n|-supereffective|p2a: Stunfisk\n|-damage|p2a: Stunfisk|0 fnt\n|-fieldstart|move: Grassy Terrain\n|faint|p2a: Stunfisk\n|\n|upkeep\n|\n|t:|1685114463\n|switch|p2a: Garbodor|Garbodor, L87, M|281/281\n|turn|11\n|\n|t:|1685114477\n|-start|p2a: Garbodor|Dynamax|Gmax\n|-heal|p2a: Garbodor|562/562|[silent]\n|move|p2a: Garbodor|Max Guard|p2a: Garbodor\n|-singleturn|p2a: Garbodor|Max Guard\n|move|p1a: Thundurus|Max Lightning|p2a: Garbodor\n|-activate|p2a: Garbodor|move: Max Guard\n|\n|upkeep\n|turn|12\n|\n|t:|1685114484\n|move|p1a: Thundurus|Max Lightning|p2a: Garbodor\n|-damage|p2a: Garbodor|235/562\n|-fieldstart|move: Electric Terrain\n|move|p2a: Garbodor|Max Strike|p1a: Thundurus\n|-damage|p1a: Thundurus|371/516\n|-unboost|p1a: Thundurus|spe|1\n|\n|-heal|p2a: Garbodor|252/562|[from] item: Black Sludge\n|upkeep\n|-end|p1a: Thundurus|Dynamax\n|-heal|p1a: Thundurus|186/258|[silent]\n|turn|13\n|\n|t:|1685114508\n|move|p2a: Garbodor|G-Max Malodor|p1a: Thundurus\n|-damage|p1a: Thundurus|59/258\n|-status|p1a: Thundurus|psn\n|move|p1a: Thundurus|Thunderbolt|p2a: Garbodor\n|-damage|p2a: Garbodor|44/562\n|\n|-heal|p2a: Garbodor|61/562|[from] item: Black Sludge\n|-damage|p1a: Thundurus|27/258 psn|[from] psn\n|upkeep\n|-end|p2a: Garbodor|Dynamax\n|-heal|p2a: Garbodor|31/281|[silent]\n|turn|14\n|\n|t:|1685114518\n|move|p2a: Garbodor|Gunk Shot|p1a: Thundurus|[miss]\n|-miss|p2a: Garbodor|p1a: Thundurus\n|move|p1a: Thundurus|Thunderbolt|p2a: Garbodor\n|-damage|p2a: Garbodor|0 fnt\n|faint|p2a: Garbodor\n|\n|-damage|p1a: Thundurus|0 fnt|[from] psn\n|faint|p1a: Thundurus\n|upkeep\n|\n|t:|1685114529\n|switch|p1a: Landorus|Landorus, L76, M|260/260\n|switch|p2a: Kartana|Kartana, L74|189/209\n|turn|15\n|\n|t:|1685114536\n|move|p2a: Kartana|Leaf Blade|p1a: Landorus\n|-damage|p1a: Landorus|91/260\n|-damage|p2a: Kartana|169/209|[from] item: Life Orb\n|move|p1a: Landorus|Earth Power|p2a: Kartana\n|-damage|p2a: Kartana|0 fnt\n|faint|p2a: Kartana\n|\n|upkeep\n|\n|t:|1685114546\n|switch|p2a: Cinderace|Cinderace, L74, F|240/240\n|turn|16\n|c|\u2606Bka Onon|gg\n|\n|t:|1685114555\n|move|p2a: Cinderace|High Jump Kick|p1a: Landorus\n|-start|p2a: Cinderace|typechange|Fighting|[from] ability: Libero\n|-resisted|p1a: Landorus\n|-crit|p1a: Landorus\n|-damage|p1a: Landorus|0 fnt\n|faint|p1a: Landorus\n|\n|-fieldend|move: Electric Terrain\n|upkeep\n|c|\u2606Miss Novelist|gg\n|\n|t:|1685114561\n|switch|p1a: Genesect|Genesect, L74|227/227\n|-ability|p1a: Genesect|Download|boost\n|-boost|p1a: Genesect|spa|1\n|turn|17\n|\n|t:|1685114567\n|move|p2a: Cinderace|Pyro Ball|p1a: Genesect\n|-start|p2a: Cinderace|typechange|Fire|[from] ability: Libero\n|-supereffective|p1a: Genesect\n|-damage|p1a: Genesect|0 fnt\n|faint|p1a: Genesect\n|\n|win|Miss Novelist\n", "inputlog": ">version 61c68e60481ef09071210320730fc448fef50368\n>start {\"formatid\":\"gen8randombattle\",\"seed\":[24605,56643,58440,56126]}\n>player p1 {\"name\":\"Bka Onon\",\"avatar\":\"amelia-shuffle\",\"rating\":0,\"seed\":[18542,57655,12560,6643]}\n>player p2 {\"name\":\"Miss Novelist\",\"avatar\":\"veteranf\",\"rating\":0,\"seed\":[54821,41928,37331,26700]}\n>chat \u2606Bka Onon|hf\n>chat \u2606Miss Novelist|glhf!\n>p1 switch 6\n>p2 move waterfall\n>p1 move playrough\n>p2 move waterfall\n>p1 move playrough\n>p2 move waterfall\n>p1 switch 6\n>p1 move earthpower\n>p2 move waterfall\n>p2 switch 3\n>chat  ArkenCiel|uh oh\n>p1 move earthpower\n>p2 move dragondance\n>p1 switch 2\n>p2 move outrage\n>p1 switch 4\n>p1 move earthquake\n>p2 move outrage\n>p2 switch 6\n>p1 move earthquake\n>p2 move leafblade\n>p1 switch 5\n>p1 move nastyplot\n>p2 switch 4\n>p1 move grassknot dynamax\n>p2 move stealthrock\n>p2 switch 5\n>p1 move thunderbolt dynamax\n>p2 move spikes dynamax\n>p1 move thunderbolt dynamax\n>p2 move explosion dynamax\n>p1 move thunderbolt\n>p2 move gunkshot dynamax\n>p1 move thunderbolt\n>p2 move gunkshot\n>p1 switch 2\n>p2 switch 4\n>p1 move earthpower\n>p2 move leafblade\n>p2 switch 2\n>chat \u2606Bka Onon|gg\n>p1 move earthpower\n>p2 move highjumpkick\n>chat \u2606Miss Novelist|gg\n>p1 switch 3\n>p1 move shiftgear\n>p2 move pyroball", "uploadtime": 1685114572, "views": 5, "p1id": "bkaonon", "p2id": "missnovelist", "formatid": "gen8randombattle", "rating": 0, "private": 0, "password": ""}