|j|☆Aqua
|j|☆ezws
|t:|1613233876
|player|p1|Aqua|scientistf|2391
|player|p2|ezws|youngster-gen4|2426
|teamsize|p1|6
|teamsize|p2|6
|gametype|singles
|gen|8
|tier|[Gen 8] Random Battle
|rated|
|rule|Species Clause: Limit one of each Pokémon
|rule|HP Percentage Mod: HP is shown in percentages
|rule|Sleep Clause Mod: Limit one foe put to sleep
|
|t:|1613233876
|start
|switch|p1a: Quagsire|Quagsire, L84, M|297/297
|switch|p2a: Duraludon|Duraludon, L84, F|255/255
|turn|1
|
|t:|1613233893
|switch|p1a: Stunfisk|Stunfisk-Galar, L84, F|320/320
|move|p2a: Duraludon|Draco Meteor|p1a: Stunfisk
|-resisted|p1a: Stunfisk
|-damage|p1a: Stunfisk|231/320
|-unboost|p2a: Duraludon|spa|2
|
|-heal|p1a: Stunfisk|251/320|[from] item: Leftovers
|upkeep
|turn|2
|
|t:|1613233916
|move|p2a: Duraludon|Body Press|p1a: Stunfisk
|-supereffective|p1a: Stunfisk
|-damage|p1a: Stunfisk|131/320
|move|p1a: Stunfisk|Earthquake|p2a: Duraludon
|-supereffective|p2a: Duraludon
|-damage|p2a: Duraludon|103/255
|
|-heal|p1a: Stunfisk|151/320|[from] item: Leftovers
|upkeep
|turn|3
|
|t:|1613233931
|move|p2a: Duraludon|Body Press|p1a: Stunfisk
|-supereffective|p1a: Stunfisk
|-damage|p1a: Stunfisk|35/320
|move|p1a: Stunfisk|Thunder Wave|p2a: Duraludon
|-status|p2a: Duraludon|par
|
|-heal|p1a: Stunfisk|55/320|[from] item: Leftovers
|upkeep
|turn|4
|
|t:|1613233948
|switch|p2a: Pangoro|Pangoro, L84, M|297/297
|move|p1a: Stunfisk|Thunder Wave|p2a: Pangoro
|-status|p2a: Pangoro|par
|
|-heal|p1a: Stunfisk|75/320|[from] item: Leftovers
|upkeep
|turn|5
|
|t:|1613233958
|move|p1a: Stunfisk|Pain Split|p2a: Pangoro
|-sethp|p2a: Pangoro|186/297 par|[from] move: Pain Split|[silent]
|-sethp|p1a: Stunfisk|186/320|[from] move: Pain Split
|move|p2a: Pangoro|Close Combat|p1a: Stunfisk
|-supereffective|p1a: Stunfisk
|-damage|p1a: Stunfisk|0 fnt
|-unboost|p2a: Pangoro|def|1
|-unboost|p2a: Pangoro|spd|1
|faint|p1a: Stunfisk
|
|upkeep
|
|t:|1613233969
|switch|p1a: Pinsir|Pinsir, L84, M|246/246
|-ability|p1a: Pinsir|Mold Breaker
|turn|6
|
|t:|1613233980
|switch|p2a: Moltres|Moltres, L80|275/275
|move|p1a: Pinsir|Stealth Rock|p2a: Moltres
|-sidestart|p2: ezws|move: Stealth Rock
|
|upkeep
|turn|7
|
|t:|1613233985
|move|p1a: Pinsir|Stone Edge|p2a: Moltres
|-supereffective|p2a: Moltres
|-damage|p2a: Moltres|0 fnt
|faint|p2a: Moltres
|
|upkeep
|c|☆ezws|gg lol got nothing
|
|t:|1613234004
|switch|p2a: Kyurem|Kyurem, L80|331/331
|-ability|p2a: Kyurem|Pressure
|turn|8
|
|t:|1613234013
|switch|p1a: Sylveon|Sylveon, L84, F|297/297
|move|p2a: Kyurem|Substitute|p2a: Kyurem
|-start|p2a: Kyurem|Substitute
|-damage|p2a: Kyurem|249/331
|
|upkeep
|turn|9
|
|t:|1613234021
|switch|p2a: Stakataka|Stakataka, L80|229/229
|-damage|p2a: Stakataka|215/229|[from] Stealth Rock
|-item|p2a: Stakataka|Air Balloon
|move|p1a: Sylveon|Calm Mind|p1a: Sylveon
|-boost|p1a: Sylveon|spa|1
|-boost|p1a: Sylveon|spd|1
|
|upkeep
|turn|10
|
|t:|1613234025
|switch|p1a: Quagsire|Quagsire, L84, M|297/297
|move|p2a: Stakataka|Gyro Ball|p1a: Quagsire
|-resisted|p1a: Quagsire
|-damage|p1a: Quagsire|231/297
|
|-heal|p1a: Quagsire|249/297|[from] item: Leftovers
|upkeep
|turn|11
|
|t:|1613234031
|switch|p2a: Corsola|Corsola, L90, F|263/263
|-damage|p2a: Corsola|231/263|[from] Stealth Rock
|move|p1a: Quagsire|Scald|p2a: Corsola
|-damage|p2a: Corsola|177/263
|-status|p2a: Corsola|brn
|
|-heal|p1a: Quagsire|267/297|[from] item: Leftovers
|-damage|p2a: Corsola|161/263 brn|[from] brn
|upkeep
|turn|12
|
|t:|1613234036
|switch|p1a: Roserade|Roserade, L84, M|238/238
|move|p2a: Corsola|Toxic|p1a: Roserade
|-immune|p1a: Roserade
|
|-damage|p2a: Corsola|145/263 brn|[from] brn
|upkeep
|turn|13
|-message|ezws forfeited.
|
|win|Aqua
|l|☆ezws
|raw|Aqua's rating: 2391 &rarr; <strong>2413</strong><br />(+22 for winning)
|raw|ezws's rating: 2426 &rarr; <strong>2404</strong><br />(-22 for losing)
