{"id": "gen8randombattle-1874014807", "p1": "Tmbxjiraiya", "p2": "juantheroleplay", "format": "[Gen 8] Random Battle", "log": "|j|\u2606Tmbxjiraiya\n|j|\u2606juantheroleplay\n|t:|1685455678\n|gametype|singles\n|player|p1|Tmbxjiraiya|101|1080\n|player|p2|juantheroleplay|ninjaboy|1102\n|teamsize|p1|6\n|teamsize|p2|6\n|gen|8\n|tier|[Gen 8] Random Battle\n|rated|\n|rule|Species Clause: Limit one of each Pok\u00e9mon\n|rule|HP Percentage Mod: HP is shown in percentages\n|rule|Sleep Clause Mod: Limit one foe put to sleep\n|\n|t:|1685455678\n|start\n|switch|p1a: Palkia|Palkia, L74|255/255\n|switch|p2a: Mandibuzz|Mandibuzz, L82, F|315/315\n|-ability|p1a: Palkia|Pressure\n|turn|1\n|\n|t:|1685455710\n|switch|p1a: Steelix|Steelix, L84, F|263/263\n|move|p2a: Mandibuzz|Toxic|p1a: Steelix\n|-immune|p1a: Steelix\n|\n|upkeep\n|turn|2\n|\n|t:|1685455719\n|switch|p2a: Swampert|Swampert, L80, F|291/291\n|move|p1a: Steelix|Toxic|p2a: Swampert\n|-status|p2a: Swampert|tox\n|\n|-damage|p2a: Swampert|273/291 tox|[from] psn\n|upkeep\n|turn|3\n|\n|t:|1685455730\n|move|p2a: Swampert|Scald|p1a: Steelix\n|-supereffective|p1a: Steelix\n|-damage|p1a: Steelix|99/263\n|move|p1a: Steelix|Earthquake|p2a: Swampert\n|-damage|p2a: Swampert|182/291 tox\n|\n|-heal|p1a: Steelix|115/263|[from] item: Leftovers\n|-damage|p2a: Swampert|146/291 tox|[from] psn\n|upkeep\n|turn|4\n|\n|t:|1685455751\n|switch|p1a: Palkia|Palkia, L74|255/255\n|-ability|p1a: Palkia|Pressure\n|move|p2a: Swampert|Flip Turn|p1a: Palkia\n|-resisted|p1a: Palkia\n|-damage|p1a: Palkia|240/255\n|\n|t:|1685455760\n|switch|p2a: Crobat|Crobat, L82, F|274/274|[from] Flip Turn\n|\n|upkeep\n|turn|5\n|\n|t:|1685455778\n|switch|p1a: Pincurchin|Pincurchin, L88, M|228/228\n|-fieldstart|move: Electric Terrain|[from] ability: Electric Surge|[of] p1a: Pincurchin\n|move|p2a: Crobat|Super Fang|p1a: Pincurchin\n|-damage|p1a: Pincurchin|114/228\n|\n|upkeep\n|turn|6\n|\n|t:|1685455787\n|move|p2a: Crobat|Super Fang|p1a: Pincurchin\n|-damage|p1a: Pincurchin|57/228\n|move|p1a: Pincurchin|Rising Voltage|p2a: Crobat\n|-supereffective|p2a: Crobat\n|-damage|p2a: Crobat|32/274\n|\n|upkeep\n|turn|7\n|\n|t:|1685455795\n|move|p2a: Crobat|Roost|p2a: Crobat\n|-heal|p2a: Crobat|169/274\n|-singleturn|p2a: Crobat|move: Roost\n|move|p1a: Pincurchin|Rising Voltage|p2a: Crobat\n|-hint|Rising Voltage's BP doubled on grounded target.\n|-damage|p2a: Crobat|0 fnt\n|faint|p2a: Crobat\n|\n|upkeep\n|\n|t:|1685455808\n|switch|p2a: Reshiram|Reshiram, L74|270/270\n|-ability|p2a: Reshiram|Turboblaze\n|turn|8\n|\n|t:|1685455817\n|move|p2a: Reshiram|Blue Flare|p1a: Pincurchin\n|-damage|p1a: Pincurchin|0 fnt\n|faint|p1a: Pincurchin\n|\n|upkeep\n|\n|t:|1685455830\n|switch|p1a: Palkia|Palkia, L74|240/255\n|-ability|p1a: Palkia|Pressure\n|turn|9\n|inactive|Battle timer is ON: inactive players will automatically lose when time's up. (requested by juantheroleplay)\n|\n|t:|1685455845\n|-start|p1a: Palkia|Dynamax|\n|-heal|p1a: Palkia|480/510|[silent]\n|move|p1a: Palkia|Max Wyrmwind|p2a: Reshiram\n|-supereffective|p2a: Reshiram\n|-damage|p2a: Reshiram|16/270\n|-unboost|p2a: Reshiram|atk|1\n|move|p2a: Reshiram|Draco Meteor|p1a: Palkia\n|-supereffective|p1a: Palkia\n|-damage|p1a: Palkia|216/510\n|-unboost|p2a: Reshiram|spa|2\n|\n|-fieldend|move: Electric Terrain\n|upkeep\n|turn|10\n|\n|t:|1685455863\n|move|p1a: Palkia|Max Geyser|p2a: Reshiram\n|-damage|p2a: Reshiram|0 fnt\n|-weather|RainDance\n|faint|p2a: Reshiram\n|\n|-weather|RainDance|[upkeep]\n|upkeep\n|\n|t:|1685455871\n|switch|p2a: Virizion|Virizion, L82|283/283\n|turn|11\n|\n|t:|1685455876\n|-start|p2a: Virizion|Dynamax|\n|-heal|p2a: Virizion|566/566|[silent]\n|move|p2a: Virizion|Max Overgrowth|p1a: Palkia\n|-damage|p1a: Palkia|80/510\n|-fieldstart|move: Grassy Terrain\n|move|p1a: Palkia|Max Flare|p2a: Virizion\n|-supereffective|p2a: Virizion\n|-damage|p2a: Virizion|486/566\n|-weather|SunnyDay\n|\n|-weather|SunnyDay|[upkeep]\n|-heal|p2a: Virizion|503/566|[from] Grassy Terrain\n|-heal|p1a: Palkia|95/510|[from] Grassy Terrain\n|upkeep\n|-end|p1a: Palkia|Dynamax\n|-heal|p1a: Palkia|48/255|[silent]\n|turn|12\n|\n|t:|1685455893\n|move|p1a: Palkia|Fire Blast|p2a: Virizion\n|-supereffective|p2a: Virizion\n|-damage|p2a: Virizion|303/566\n|-status|p2a: Virizion|brn\n|-enditem|p2a: Virizion|Lum Berry|[eat]\n|-curestatus|p2a: Virizion|brn|[msg]\n|move|p2a: Virizion|Max Knuckle|p1a: Palkia\n|-damage|p1a: Palkia|0 fnt\n|-boost|p2a: Virizion|atk|1\n|faint|p1a: Palkia\n|\n|-weather|SunnyDay|[upkeep]\n|-heal|p2a: Virizion|320/566|[from] Grassy Terrain\n|upkeep\n|inactive|Tmbxjiraiya has 120 seconds left.\n|\n|t:|1685455916\n|switch|p1a: Shedinja|Shedinja, L88|1/1\n|turn|13\n|\n|t:|1685455929\n|move|p1a: Shedinja|Shadow Sneak|p2a: Virizion\n|-damage|p2a: Virizion|266/566\n|move|p2a: Virizion|Max Rockfall|p1a: Shedinja\n|-supereffective|p1a: Shedinja\n|-damage|p1a: Shedinja|0 fnt\n|-weather|Sandstorm\n|faint|p1a: Shedinja\n|\n|-weather|Sandstorm|[upkeep]\n|-damage|p2a: Virizion|249/566|[from] Sandstorm\n|-heal|p2a: Virizion|266/566|[from] Grassy Terrain\n|upkeep\n|inactive|Tmbxjiraiya has 120 seconds left.\n|\n|t:|1685455945\n|switch|p1a: Steelix|Steelix, L84, F|115/263\n|-end|p2a: Virizion|Dynamax\n|-heal|p2a: Virizion|133/283|[silent]\n|turn|14\n|inactive|Tmbxjiraiya has 120 seconds left.\n|\n|t:|1685455953\n|move|p2a: Virizion|Leaf Blade|p1a: Steelix\n|-damage|p1a: Steelix|34/263\n|move|p1a: Steelix|Toxic|p2a: Virizion\n|-status|p2a: Virizion|tox\n|\n|-weather|Sandstorm|[upkeep]\n|-damage|p2a: Virizion|116/283 tox|[from] Sandstorm\n|-heal|p2a: Virizion|133/283 tox|[from] Grassy Terrain\n|-heal|p1a: Steelix|50/263|[from] Grassy Terrain\n|-heal|p1a: Steelix|66/263|[from] item: Leftovers\n|-damage|p2a: Virizion|116/283 tox|[from] psn\n|upkeep\n|turn|15\n|inactive|Tmbxjiraiya has 120 seconds left.\n|\n|t:|1685455967\n|move|p2a: Virizion|Leaf Blade|p1a: Steelix\n|-damage|p1a: Steelix|0 fnt\n|faint|p1a: Steelix\n|\n|-weather|Sandstorm|[upkeep]\n|-damage|p2a: Virizion|99/283 tox|[from] Sandstorm\n|-heal|p2a: Virizion|116/283 tox|[from] Grassy Terrain\n|-damage|p2a: Virizion|82/283 tox|[from] psn\n|-fieldend|move: Grassy Terrain\n|upkeep\n|inactive|Tmbxjiraiya has 120 seconds left.\n|\n|t:|1685455981\n|switch|p1a: Oranguru|Oranguru, L86, F|295/295\n|turn|16\n|inactive|Tmbxjiraiya has 120 seconds left.\n|\n|t:|1685455990\n|move|p2a: Virizion|Close Combat|p1a: Oranguru\n|-damage|p1a: Oranguru|106/295\n|-unboost|p2a: Virizion|def|1\n|-unboost|p2a: Virizion|spd|1\n|move|p1a: Oranguru|Psychic|p2a: Virizion\n|-supereffective|p2a: Virizion\n|-damage|p2a: Virizion|0 fnt\n|faint|p2a: Virizion\n|\n|-weather|Sandstorm|[upkeep]\n|-damage|p1a: Oranguru|88/295|[from] Sandstorm\n|-heal|p1a: Oranguru|106/295|[from] item: Leftovers\n|upkeep\n|\n|t:|1685456001\n|switch|p2a: Swampert|Swampert, L80, F|146/291 tox\n|turn|17\n|inactive|Tmbxjiraiya has 120 seconds left.\n|\n|t:|1685456017\n|move|p2a: Swampert|Flip Turn|p1a: Oranguru\n|-damage|p1a: Oranguru|42/295\n|\n|t:|1685456027\n|switch|p2a: Dedenne|Dedenne, L87, F|258/258|[from] Flip Turn\n|move|p1a: Oranguru|Focus Blast|p2a: Dedenne\n|-resisted|p2a: Dedenne\n|-damage|p2a: Dedenne|212/258\n|\n|-weather|none\n|-heal|p1a: Oranguru|60/295|[from] item: Leftovers\n|upkeep\n|turn|18\n|\n|t:|1685456041\n|move|p2a: Dedenne|Toxic|p1a: Oranguru|[miss]\n|-miss|p2a: Dedenne|p1a: Oranguru\n|move|p1a: Oranguru|Psychic|p2a: Dedenne\n|-damage|p2a: Dedenne|106/258\n|-enditem|p2a: Dedenne|Sitrus Berry|[eat]\n|-heal|p2a: Dedenne|170/258|[from] item: Sitrus Berry\n|-heal|p2a: Dedenne|256/258|[from] ability: Cheek Pouch\n|\n|-heal|p1a: Oranguru|78/295|[from] item: Leftovers\n|upkeep\n|turn|19\n|\n|t:|1685456052\n|move|p2a: Dedenne|Toxic|p1a: Oranguru\n|-status|p1a: Oranguru|tox\n|move|p1a: Oranguru|Psychic|p2a: Dedenne\n|-damage|p2a: Dedenne|139/258\n|-unboost|p2a: Dedenne|spd|1\n|\n|-heal|p1a: Oranguru|96/295 tox|[from] item: Leftovers\n|-damage|p1a: Oranguru|78/295 tox|[from] psn\n|upkeep\n|turn|20\n|\n|t:|1685456068\n|move|p2a: Dedenne|Protect|p2a: Dedenne\n|-singleturn|p2a: Dedenne|Protect\n|move|p1a: Oranguru|Psychic|p2a: Dedenne\n|-activate|p2a: Dedenne|move: Protect\n|\n|-heal|p1a: Oranguru|96/295 tox|[from] item: Leftovers\n|-damage|p1a: Oranguru|60/295 tox|[from] psn\n|upkeep\n|turn|21\n|\n|t:|1685456077\n|move|p2a: Dedenne|Protect|p2a: Dedenne\n|-singleturn|p2a: Dedenne|Protect\n|move|p1a: Oranguru|Psychic|p2a: Dedenne\n|-activate|p2a: Dedenne|move: Protect\n|\n|-heal|p1a: Oranguru|78/295 tox|[from] item: Leftovers\n|-damage|p1a: Oranguru|24/295 tox|[from] psn\n|upkeep\n|turn|22\n|\n|t:|1685456086\n|move|p2a: Dedenne|Protect||[still]\n|-fail|p2a: Dedenne\n|move|p1a: Oranguru|Psychic|p2a: Dedenne\n|-damage|p2a: Dedenne|0 fnt\n|faint|p2a: Dedenne\n|\n|-heal|p1a: Oranguru|42/295 tox|[from] item: Leftovers\n|-damage|p1a: Oranguru|0 fnt|[from] psn\n|faint|p1a: Oranguru\n|upkeep\n|\n|t:|1685456097\n|switch|p2a: Swampert|Swampert, L80, F|146/291 tox\n|switch|p1a: Morpeko|Morpeko, L86, F|240/240\n|turn|23\n|\n|t:|1685456119\n|move|p1a: Morpeko|Foul Play|p2a: Swampert\n|-damage|p2a: Swampert|38/291 tox\n|move|p2a: Swampert|Earthquake|p1a: Morpeko\n|-supereffective|p1a: Morpeko\n|-damage|p1a: Morpeko|0 fnt\n|faint|p1a: Morpeko\n|\n|win|juantheroleplay\n|raw|Tmbxjiraiya's rating: 1058 &rarr; <strong>1042</strong><br />(-16 for losing)\n|raw|juantheroleplay's rating: 1102 &rarr; <strong>1124</strong><br />(+22 for winning)\n", "inputlog": ">version 6fec31d5a0d4498a06105aa188c9906bc0b6bf95\n>start {\"formatid\":\"gen8randombattle\",\"seed\":[29785,29136,23243,34761],\"rated\":\"Rated battle\"}\n>player p1 {\"name\":\"Tmbxjiraiya\",\"avatar\":\"101\",\"rating\":1080,\"seed\":[45219,25605,11218,54362]}\n>player p2 {\"name\":\"juantheroleplay\",\"avatar\":\"ninjaboy\",\"rating\":1102,\"seed\":[20000,59450,41960,4386]}\n>p1 switch 2\n>p2 move toxic\n>p1 move toxic\n>p2 switch 4\n>p1 move earthquake\n>p2 move scald\n>p1 switch 2\n>p2 move flipturn\n>p2 switch 5\n>p1 switch 6\n>p2 move superfang\n>p1 move risingvoltage\n>p2 move superfang\n>p1 move risingvoltage\n>p2 move roost\n>p2 switch 3\n>p1 move risingvoltage\n>p2 move blueflare\n>p1 switch 6\n>p1 move spacialrend dynamax\n>p2 move dracometeor\n>p1 move hydropump dynamax\n>p2 move roost\n>p2 switch 6\n>p1 move fireblast dynamax\n>p2 move leafblade dynamax\n>p1 move fireblast\n>p2 move closecombat dynamax\n>p1 switch 4\n>p1 move shadowsneak\n>p2 move stoneedge dynamax\n>p1 switch 2\n>p1 move toxic\n>p2 move leafblade\n>p1 move stealthrock\n>p2 move leafblade\n>p1 switch 3\n>p1 move psychic\n>p2 move closecombat\n>p2 switch 5\n>p1 move focusblast\n>p2 move flipturn\n>p2 switch 2\n>p1 move psychic\n>p2 move toxic\n>p1 move psychic\n>p2 move toxic\n>p1 move psychic\n>p2 move protect\n>p1 move psychic\n>p2 move protect\n>p1 move psychic\n>p2 move protect\n>p1 switch 5\n>p2 switch 2\n>p1 move foulplay\n>p2 move earthquake", "uploadtime": 1685456124, "views": 5, "p1id": "tmbxjiraiya", "p2id": "juantheroleplay", "formatid": "gen8randombattle", "rating": 1042, "private": 0, "password": ""}