{"id": "gen8randombattle-1873007799", "p1": "narutonine16", "p2": "Jaegs6", "format": "[Gen 8] Random Battle", "log": "|j|\u2606narutonine16\n|j|\u2606Jaegs6\n|t:|1685311608\n|gametype|singles\n|player|p1|narutonine16|266|1435\n|player|p2|Jaegs6|2|1240\n|teamsize|p1|6\n|teamsize|p2|6\n|gen|8\n|tier|[Gen 8] Random Battle\n|rated|\n|rule|Species Clause: Limit one of each Pok\u00e9mon\n|rule|HP Percentage Mod: HP is shown in percentages\n|rule|Sleep Clause Mod: Limit one foe put to sleep\n|\n|t:|1685311608\n|start\n|switch|p1a: Calyrex|Calyrex-Ice, L72|263/263\n|switch|p2a: Regidrago|Regidrago, L78|440/440\n|-ability|p1a: Calyrex|As One\n|-ability|p1a: Calyrex|Unnerve\n|turn|1\n|inactive|Battle timer is ON: inactive players will automatically lose when time's up. (requested by Jaegs6)\n|\n|t:|1685311633\n|switch|p2a: Registeel|Registeel, L83|268/268\n|move|p1a: Calyrex|Agility|p1a: Calyrex\n|-boost|p1a: Calyrex|spe|2\n|\n|upkeep\n|turn|2\n|inactive|narutonine16 has 120 seconds left.\n|\n|t:|1685311666\n|-start|p1a: Calyrex|Dynamax|\n|-heal|p1a: Calyrex|526/526|[silent]\n|move|p1a: Calyrex|Max Knuckle|p2a: Registeel\n|-supereffective|p2a: Registeel\n|-damage|p2a: Registeel|164/268\n|-boost|p1a: Calyrex|atk|1\n|move|p2a: Registeel|Iron Head|p1a: Calyrex\n|-supereffective|p1a: Calyrex\n|-damage|p1a: Calyrex|428/526\n|-enditem|p1a: Calyrex|Weakness Policy\n|-boost|p1a: Calyrex|atk|2|[from] item: Weakness Policy\n|-boost|p1a: Calyrex|spa|2|[from] item: Weakness Policy\n|\n|upkeep\n|turn|3\n|inactive|narutonine16 has 120 seconds left.\n|\n|t:|1685311688\n|move|p1a: Calyrex|Max Quake|p2a: Registeel\n|-supereffective|p2a: Registeel\n|-damage|p2a: Registeel|0 fnt\n|-boost|p1a: Calyrex|spd|1\n|faint|p2a: Registeel\n|-ability|p1a: Calyrex|Chilling Neigh|boost\n|-boost|p1a: Calyrex|atk|1\n|\n|upkeep\n|inactive|Jaegs6 has 120 seconds left.\n|\n|t:|1685311708\n|switch|p2a: Slowking|Slowking, L86, F|304/304\n|turn|4\n|\n|t:|1685311715\n|move|p1a: Calyrex|Max Quake|p2a: Slowking\n|-damage|p2a: Slowking|0 fnt\n|-boost|p1a: Calyrex|spd|1\n|faint|p2a: Slowking\n|-ability|p1a: Calyrex|Chilling Neigh|boost\n|-boost|p1a: Calyrex|atk|1\n|\n|upkeep\n|\n|t:|1685311726\n|switch|p2a: Stonjourner|Stonjourner, L88, M|319/319\n|-end|p1a: Calyrex|Dynamax\n|-heal|p1a: Calyrex|214/263|[silent]\n|turn|5\n|\n|t:|1685311732\n|move|p1a: Calyrex|Glacial Lance|p2a: Stonjourner\n|-damage|p2a: Stonjourner|0 fnt\n|faint|p2a: Stonjourner\n|-ability|p1a: Calyrex|Chilling Neigh|boost\n|-boost|p1a: Calyrex|atk|1\n|\n|upkeep\n|\n|t:|1685311740\n|switch|p2a: Regidrago|Regidrago, L78|440/440\n|turn|6\n|\n|t:|1685311749\n|-start|p2a: Regidrago|Dynamax|\n|-heal|p2a: Regidrago|880/880|[silent]\n|move|p1a: Calyrex|Glacial Lance|p2a: Regidrago\n|-supereffective|p2a: Regidrago\n|-crit|p2a: Regidrago\n|-damage|p2a: Regidrago|0 fnt\n|faint|p2a: Regidrago\n|\n|upkeep\n|-message|Jaegs6 forfeited.\n|\n|win|narutonine16\n|raw|narutonine16's rating: 1435 &rarr; <strong>1445</strong><br />(+10 for winning)\n|raw|Jaegs6's rating: 1240 &rarr; <strong>1228</strong><br />(-12 for losing)\n|l|\u2606Jaegs6\n", "inputlog": ">version d74822bbc74c095aa312053f7034baee3068d99e\n>start {\"formatid\":\"gen8randombattle\",\"seed\":[54100,62576,63424,47314],\"rated\":\"Rated battle\"}\n>player p1 {\"name\":\"narutonine16\",\"avatar\":\"266\",\"rating\":1435,\"seed\":[53486,12523,38055,17783]}\n>player p2 {\"name\":\"Jaegs6\",\"avatar\":\"2\",\"rating\":1240,\"seed\":[63286,51458,9919,32756]}\n>p1 move agility\n>p2 switch 3\n>p1 move closecombat dynamax\n>p2 move ironhead\n>p1 move highhorsepower dynamax\n>p2 move rest\n>p2 switch 4\n>p1 move highhorsepower dynamax\n>p2 move toxic\n>p2 switch 2\n>p1 move glaciallance\n>p2 move heatcrash\n>p2 switch 3\n>p1 move glaciallance\n>p2 move firefang dynamax\n>forcelose p2", "uploadtime": 1685311765, "views": 6, "p1id": "narutonine16", "p2id": "jaegs6", "formatid": "gen8randombattle", "rating": 1228, "private": 0, "password": ""}